% article: Para artigos de revistas.
% book: Para livros.
% conference: Para confer{\^e}ncias.
% inbook: Para uma parte de um livro, como um cap{\'i}tulo ou p{\'a}ginas espec{\'i}ficas.
% incollection: Para uma parte de um livro que faz parte de uma cole{\c{c}}{\~a}o.
% manual: Para documenta{\c{c}}{\~a}o t{\'e}cnica.
% mastersthesis: Para disserta{\c{c}}{\~o}es de mestrado.
% misc: Para qualquer outro tipo de documento n{\~a}o coberto pelos tipos acima.
% phdthesis: Para teses de doutorado.
% techreport: Para relat{\'o}rios t{\'e}cnicos.
% unpublished: Para documentos n{\~a}o publicados.

@article{A.R.2018,
  author        = {Ana Rita Mota AND Cleci Teresinha Werner da Rosa},
  doi           = {10.5335/rep.v25i2.8161},
  journal       = {Revista Espa{\c{c}}o Pedag{\'o}gico},
  month         = {maio},
  number        = {2},
  pages         = {261-276},
  title         = {Ensaio sobre metodologias ativas: reflex{\~o}es e propostas},
  url           = {https://doi.org/10.5335/rep.v25i2.8161},
  urlaccessdate = {06/07/2024},
  volume        = {25},
  year          = {2018}
}

@article{ALENCAR2020,
  anotacao = {n{\~a}o encontrei},
  author   = {Misael Soares Alencar},
  journal  = {117 f. Mestrado Profissional em Matem{\'a}tica em Rede Nacional Institui{\c{c}}{\~a}o de Ensino: FUNDACAO UNIVERSIDADE ESTADUAL DO PIAUI FUESPI, Rio de Janeiro},
  title    = {GeoGebra e Materiais Manipul{\'a}veis: Recursos mediadores na organiza{\c{c}}{\~a}o do ensino de {\'a}reas dos s{\'o}lidos geom{\'e}tricos no ensino m{\'e}dio},
  year     = {2020}
}

@article{ALMEIDA2016,
  author  = {Cristian Roberto Miccerino de Almeida AND Ana Maria Martensen Roland Kaleff},
  journal = {In: Encontro Nacional de Educa{\c{c}}{\~a}o Matem{\'a}tica, 12. AND 2016, S{\~a}o Paulo. Anais eletr{\^o}nicos. S{\~a}o Paulo: SBEM},
  title   = {Poliedros de plat{\~a}o sob uma perspectiva de Educa{\c{c}}{\~a}o Matem{\'a}tica usando recursos did{\'a}ticos concretos e virtuais},
  year    = {2016}
}

@article{ANASTASIOU2004,
  author  = {ANASTASIOU, L{\'e}a das Gra{\c{c}}as Camargos AND ALVES, Leonir Pessate},
  journal = {In: ANASTASIOU, L{\'e}a das Gra{\c{c}}as Camargos;ALVES, Leonir Pessate. (Orgs.). Processos de ensinagem na universidade. Pressupostos para as estrat{\'e}gias de trabalho em aula},
  title   = {Estrat{\'e}gias de ensinagem},
  year    = {2004}
}

@article{ANDRADE1998,
  author  = {ANDRADE, S},
  title   = {Ensino-aprendizagem de Matem{\'a}tica via resolu{\c{c}}{\~a}o, explora{\c{c}}{\~a}o, codifica{\c{c}}{\~a}o e decodifica{\c{c}}{\~a}o de problemas},
  journal = {Disserta{\c{c}}{\~a}o (Mestrado em Educa{\c{c}}{\~a}o Matem{\'a}tica) - Universidade estadial Paulista, Rio Claro},
  year    = {1998}
}

@article{ANDRADE2017,
  author  = {ANDRADE, S},
  title   = {Um caminhar cr{\'i}tico reflexivo sobre Resolu{\c{c}}{\~a}o, Explora{\c{c}}{\~a}o e Proposi{\c{c}}{\~a}o de problemas Matem{\'a}ticos no cotidiano da sala de aula},
  journal = {In: ONUCHIC, L. R; LEAL JUNIOR, L. C.; PIRONEL, M. (Orgs.). Perspectivas para resolu{\c{c}}{\~a}o de problemas. S{\~a}o Paulo: Livraria da F{\'i}sica},
  year    = {2017},
  pag     = {355-395}
}

@mastersthesis{AZEVEDO2019,
  author        = {Luciana de Sousa Azev{\^e}do},
  url           = {https://repositorio.ufrn.br/handle/123456789/28456},
  urlaccessdate = {06/07/2024},
  title         = {Cultura maker: uma nova possibilidade no processo de ensino e aprendizagem},
  month         = {nov},
  year          = {2019}
}

@book{BACICH2018,
  author     = {Lilian Bacich AND Jos{\'e} Maria Moran},
  isbn       = {9788584291151},
  journal    = {Porto Alegre: Penso},
  langid     = {brazil},
  pages      = {260},
  publisher  = {Penso},
  shorttitle = {Metodologias ativas para uma educa{\c{c}}{\~a}o inovadora},
  title      = {Metodologias ativas para uma educa{\c{c}}{\~a}o inovadora: uma abordagem te{\'o}rico-pr{\'a}tica},
  year       = {2018}
}

@book{BACICHMORAN2018,
  author    = {Lilian Bacich AND Jos{\'e} Maria Moran},
  title     = {Metodologias ativas para uma educa{\c{c}}{\~a}o inovadora: uma abordagem te{\'o}rico pr{\'a}tica},
  publisher = {Porto Alegre: Penso},
  year      = {2018}
}

@article{BARBOSA2013,
  author        = {Eduardo Fernandes Barbosa AND D{\'a}cio Guimar{\~a}es de Moura},
  doi           = {10.26849/bts.v39i2.349},
  journal       = {Boletim T{\'e}cnico do Senac},
  month         = {aug},
  number        = {2},
  pages         = {48–67},
  title         = {Metodologias ativas de aprendizagem na Educa{\c{c}}{\~a}o Profissional e Tecnol{\'o}gica},
  url           = {https://bts.senac.br/bts/article/view/349},
  urlaccessdate = {06/07/2024},
  volume        = {39},
  year          = {2013}
}

@article{BARDIN2004,
  author    = {Laurence Bardin},
  date      = {2010},
  edition   = {Ed. rev. e actual.},
  isbn      = {9789724408989},
  journal   = {Trad. Lu{\'i}s Antero Reto e Augusto Pinheiro. Lisboa: Edi{\c{c}}{\~o}es 70},
  location  = {Lisboa},
  pagetotal = {225},
  publisher = {Edi{\c{c}}{\~o}es 70},
  title     = {An{\'a}lise de conte{\'u}do},
  year      = {2004}
}

@article{BEHRENS2014,
  author  = {Marilda Aparecida Behrens},
  title   = {Metodologia de projetos: aprender e ensinar para a produ{\c{c}}{\~a}o do conhecimento numa vis{\~a}o complexa},
  journal = {In: TORRES, Patr{\'i}cia Lupion (Org.). Complexidade: Redes e conex{\~o}es na produ{\c{c}}{\~a}o do conhecimento. Curitiba; SENAR},
  year    = {2014}
}

@book{BENDER2015,
  author    = {William Bender},
  title     = {Aprendizagem baseada em Projetos: educa{\c{c}}{\~a}o diferenciada para o s{\'e}culo XXI},
  publisher = {Porto Alegre: Penso},
  year      = {2015}
}

@article{BERBEL2011,
  author  = {Neusi Aparecida Navas Berbel},
  title   = {As metodologias ativas e a promo{\c{c}}{\~a}o da autonomia de estudantes},
  journal = {Ci{\^e}ncias Sociais e Humanas, Londrina, v. 32, n. 1},
  pag     = {25-40},
  year    = {2011}
}

@book{BERGMANNSANS2016,
  author    = {Jonathan Bergmann AND Aaron Sams},
  title     = {Sala de aula invertida: Uma metodologia ativa de aprendizagem},
  publisher = {Trad. Afonso Celso da Cunha Serra. 1. ed. Rio de Janeiro: LTC},
  year      = {2016}
}

@incollection{BRAGADEPAULA2019,
  author        = {Bruna Braga de Paula AND Tiago de Oliveira AND Camila Bertini Martins},
  doi           = {10.22456/1679-1916.99528},
  journal       = {Revista Novas Tecnologias na Educa{\c{c}}{\~a}o},
  month         = {dez},
  number        = {3},
  pages         = {447–457},
  place         = {Porto Alegre},
  title         = {An{\'a}lise do Uso da Cultura Maker em Contextos Educacionais: Revis{\~a}o Sistem{\'a}tica da Literatura},
  url           = {https://seer.ufrgs.br/index.php/renote/article/view/99528},
  urlaccessdate = {06/07/2024},
  volume        = {17},
  year          = {2019}
}

@book{C.L.D.2018,
  author        = {Cristina L{\'u}cia Dias Vaz AND Helena do Socorro Campos da Rocha},
  isbn          = {9788565054638},
  journal       = {Bel{\'e}m: Editaedi},
  langid        = {brazil},
  publisher     = {EditAedi},
  title         = {Matem{\'a}tica e arte em trilhas, olhares e di{\'a}logos},
  url           = {https://livroaberto.ufpa.br/jspui/handle/prefix/574},
  urlaccessdate = {06/07/2024},
  year          = {2018}
}

@misc{CABRAL2015,
  author        = {Raimundo de Lima Cabral AND Andr{\'e} Luiz Ortiz da Silva},
  location      = {Universidade Federal do Tocantins, Aragua{\'i}na},
  month         = {mar},
  title         = {Ensino de geometria na perspectiva dos par{\^a}metros curriculares nacionais (pcn's) de matem{\'a}tica},
  url           = {https://hdl.handle.net/11612/5051},
  urlaccessdate = {06/07/2024},
  year          = {2015}
}

@article{CABRAL2021,
  author  = {Viviane de Holanda Cabral},
  title   = {A biblioteca no contexto da cultura maker: tend{\^e}ncias e possibilidades em bibliotecas universit{\'a}rias},
  journal = {Disserta{\c{c}}{\~a}o (Mestrado em Ci{\^e}ncia da Informa{\c{c}}{\~a}o) - Programa de P{\'o}s-gradua{\c{c}}{\~a}o em Ci{\^e}ncia da Informa{\c{c}}{\~a}o, Centro de Humanidades, Universidade Federal do Cear{\'a}, Fortaleza},
  year    = {2021}
}

@mastersthesis{CABRAL2022,
  author        = {Viviane de Holanda Cabral},
  title         = {A biblioteca no contexto da cultura maker: tendencias e possibilidades em bibliotecas universitarias},
  url           = {https://rc.cplp.org/Record/oasisbr_lr_554b91d44d0b4cc389ee10a227cf4c36},
  urlaccessdate = {06/07/2024},
  year          = {2022}
}

@article{CAI-etal2015,
  author  = {Jinfa Cai AND Stephen Hwang AND Chunlian Jiang AND Steven Silber},
  title   = {Problem posing research in mathematics: Some answered and unanswered questions},
  journal = {In F. M. Singer, N. Ellerton, \& J. Cai (Eds.), Mathematical problem posing: From research to effective practice. New York, NY: Springer},
  year    = {2015},
  pag     = {3-34}
}

@book{CAMARGO2018,
  author     = {Fausto Camargo AND Thuinie Daros},
  date       = {2018},
  isbn       = {9788584291199},
  journal    = {Porto Alegre: Penso},
  location   = {Porto Alegro, RS; S{\~a}o Paulo, SP},
  pagetotal  = {123},
  publisher  = {Penso},
  series     = {S{\'e}rie Desafios da educa{\c{c}}{\~a}o},
  shorttitle = {A sala de aula inovadora},
  title      = {A sala de aula inovadora: estrat{\'e}gias pedag{\'o}gicas para fomentar o aprendizado ativo},
  year       = {2018}
}

@article{CAMARGO2019,
  author  = {Carmen Aparecida Cardoso Maia Camargo AND Marcio Antonio Ferreira Camargo AND Virginia de Oliveira Souza},
  title   = {A import{\^a}ncia da motiva{\c{c}}{\~a}o no processo ensino-aprendizagem},
  journal = {Revista Thema, Pelotas, v. 16, n. 3},
  pag     = {598–606},
  year    = {2019},
  doi     = {10.15536/thema.V16.2019.598-606.1284}
}

@misc{CARDOSO2019,
  author        = {Helton Charllys Batista Card{\^o}so},
  journal       = {Disserta{\c{c}}{\~a}o apresentada ao Mestrado Profissional em Ensino de Biologia em Rede Nacional (PROFBIO), na Universidade Federal da Para{\'i}ba - UFPB, Jo{\~a}o Pessoa},
  month         = {jun},
  title         = {Alfabetiza{\c{c}}{\~a}o Cient{\'i}fica E Biotecnologia: O uso de metamodelos de linguagem e de metodologias ativas no ensino de Biologia},
  url           = {https://repositorio.ufpb.br/jspui/handle/123456789/19077},
  urlaccessdate = {06/07/2024},
  year          = {2019}
}

@misc{CARVALHO2021,
  author        = {Isaura Azevedo Carvalho AND Michelle Bueno de Moura Pereira Antunes AND Jo{\~a}o Eust{\'a}quio Antunes},
  doi           = {10.14244/198271994506},
  journal       = {Revista Eletr{\^o}nica de Educa{\c{c}}{\~a}o},
  month         = {dec},
  pages         = {1-14},
  title         = {Proposta de jogo did{\'a}tico para ensino de gen{\'e}tica como metodologia ativa no ensino de biologia},
  url           = {https://www.reveduc.ufscar.br/index.php/reveduc/article/view/4506},
  urlaccessdate = {06/07/2024},
  volume        = {15},
  year          = {2021}
}

@article{CHIARELLA2015,
  author        = {Tatiana Chiarella AND Danielle Bivanco-Lima AND Juliana de Carvalho Moura AND Maria Cristina da Costa Marques AND Regina Maria Giffoni Marsiglia},
  doi           = {10.1590/1981-52712015v39n3e02062014},
  issn          = {0100-5502},
  journal       = {Revista Brasileira de Educa{\c{c}}{\~a}o M{\'e}dica},
  month         = {Jul},
  number        = {3},
  pages         = {418-425},
  publisher     = {Associa{\c{c}}{\~a}o Brasileira de Educa{\c{c}}{\~a}o M{\'e}dica},
  title         = {A Pedagogia de Paulo Freire e o Processo Ensino-Aprendizagem na Educa{\c{c}}{\~a}o M{\'e}dica},
  url           = {https://www.scielo.br/j/rbem/a/jg9jPgnZRrqBy7WTDdrpFcn},
  urlaccessdate = {06/07/2024},
  volume        = {39},
  year          = {2015}
}

@book{CHIZZOTTI1998,
  author    = {Antonio Chizzotti},
  isbn      = {9788524904448},
  journal   = {S{\~a}o Paulo: Cortez},
  langid    = {brazil},
  month     = {aug},
  publisher = {Cortez Editora},
  title     = {Pesquisa em Ci{\^e}ncias Humanas e Sociais},
  year      = {2021}
}

@article{CRESPO2015,
  author  = {Sandra Crespo},
  title   = {A Collection of Problem Posing experiences for prospective mathematics teachers that make a difference},
  journal = {In: SINGER, F. M.; ELLERTON, N. F.; CAI, J. (ed.). Mathematical Problem Posing: From research to effective practice. New York: Springer},
  year    = {2015},
  pag     = {494-511}
}

@book{DANTE2005,
  author    = {Luiz Roberto Dante},
  isbn      = {9788508032198},
  language  = {pt-BR},
  location  = {S{\~a}o Paulo},
  month     = {oct},
  publisher = {Editora {\'a}tica},
  title     = {Did{\'a}tica da resolu{\c{c}}{\~a}o de problemas de matem{\'a}tica},
  volume    = {12},
  year      = {2005}
}

@book{DEWEY1979,
  author    = {John Dewey},
  publisher = {S{\~a}o Paulo: Melhoramentos},
  edition   = {10},
  title     = {Vida e Educa{\c{c}}{\~a}o},
  year      = {1979}
}

@article{DIESEL2017,
  author        = {Aline Diesel AND Alda Leila Santos Baldez AND Silvana Neumann Martins},
  doi           = {10.15536/thema.14.2017.268-288.404},
  journal       = {Revista Thema},
  month         = {fev},
  number        = {1},
  pages         = {268-288},
  place         = {Pelotas},
  title         = {Os princ{\'i}pios das metodologias ativas de ensino: uma abordagem te{\'o}rica},
  url           = {https://periodicos.ifsul.edu.br/index.php/thema/article/view/404},
  urlaccessdate = {06/07/2024},
  volume        = {14},
  year          = {2017}
}

@article{DUMONT2016,
  author        = {Luiza Dumont de Miranda Moraes AND Regina Simpl{\'i}cio Carvalho AND {\'a}lvaro Jos{\'e} Magalh{\~a}es Neves},
  doi           = {10.18540/jcecvl2iss3pp107-131},
  issn          = {2446-9416},
  journal       = {Revista de engenharia Qu{\'i}mica e Qu{\'i}mica},
  month         = {oct},
  number        = {3},
  pages         = {107-131},
  place         = {Vi{\c{c}}osa/MG, BR},
  title         = {O Peer Instruction Como Proposta de Metodologia Ativa no Ensino de Qu{\'i}mica},
  url           = {https://periodicos.ufv.br/jcec/article/view/2446941602023016107},
  urlaccessdate = {06/07/2024},
  volume        = {2},
  year          = {2016}
}

@article{E.L.1991,
  author  = {Elon Lages Lima},
  journal = {Rio de Janeiro: SBM, 97 p. Cole{\c{c}}{\~a}o do Professor de Matem{\'a}tica},
  title   = {Medida e Forma em Geometria: Comprimento, {\'a}rea, Volume e Semelhan{\c{c}}a},
  year    = {1991}
}

@article{Educacao.2018,
  author  = {Minist{\'e}rio da Educa{\c{c}}{\~a}o AND Brasil},
  journal = {Bras{\'i}lia},
  title   = {Base Nacional Comum Curricular},
  year    = {2018}
}

@misc{Educacao.SecretariadeEducacaoFundamental2017,
  author        = {Brasil AND Minist{\'e}rio da Educa{\c{c}}{\~a}o AND Secretaria de Educa{\c{c}}{\~a}o Fundamental},
  journal       = {Bras{\'i}lia},
  title         = {Base Nacional Comum Curricular},
  url           = {https://portal.mec.gov.br/conselho-nacional-de-educacao/base-nacional-comum-curricular-bncc},
  urlaccessdate = {06/07/2024},
  year          = {2017}
}

@book{Fainguelernt1999,
  author     = {Estela Kaufman Fainguelernt},
  isbn       = {85-7307-521-x},
  journal    = {Porto Alegre: Artes M{\'e}dicas Sul},
  language   = {pt-BR},
  month      = {jan},
  publisher  = {Artmed},
  shorttitle = {Educacao Matem{\'a}tica},
  title      = {Educa{\c{c}}{\~a}o Matem{\'a}tica: representa{\c{c}}{\~a}o e constru{\c{c}}{\~a}o em geometria},
  year       = {1999}
}

@incollection{FIALHO2017,
  author    = {Francisco Antonio Pereira Fialho AND Andreia de Bem Machado},
  isbn      = {9788593437038},
  journal   = {Pr{\'a}ticas Inovadoras em metodologias ativas},
  langid    = {brazil},
  pages     = {63-81},
  month     = {feb},
  publisher = {Contexto Digital Tecnologia Educacional},
  title     = {Metodologias Ativas, conhecimento integral, Jung, Montessori e Piaget},
  year      = {2017}
}

@article{FRANCESCONI2019,
  author        = {La{\'e}rcio Francesconi},
  journal       = {Sal{\~a}o do Conhecimento},
  month         = {out},
  number        = {5},
  title         = {O protagonismo como elemento norteador no processo de ensino e aprendizagem},
  url           = {https://www.publicacoeseventos.unijui.edu.br/index.php/salaoconhecimento/article/view/12683},
  urlaccessdate = {06/07/2024},
  volume        = {5},
  year          = {2019}
}

@article{FRASSON2019,
  author        = {Fernanda Frasson AND Carlos Eduardo Labur{\'u} AND Andr{\'e}ia de Freitas Zompero},
  doi           = {10.21527/2179-1309.2019.108.303-318},
  journal       = {Revista Contexto \& Educa{\c{c}}{\~a}o},
  month         = {jun},
  number        = {108},
  pages         = {303-318},
  title         = {Aprendizagem significativa conceitual, procedimental e atitudinal: uma releitura da teoria ausubeliana},
  url           = {https://www.revistas.unijui.edu.br/index.php/contextoeducacao/article/view/8840},
  urlaccessdate = {06/07/2024},
  volume        = {34},
  year          = {2019}
}

@book{FREIRE1996,
  address   = {rio de janeiro, RJ},
  author    = {Paulo Reglus Neves Freire},
  edition   = {73},
  pages     = {144},
  isbn      = {9788577534098},
  journal   = {S{\~a}o Paulo: Paz e Terra},
  language  = {pt-BR},
  month     = {dec},
  publisher = {Editora Paz e Terra},
  title     = {Pedagogia da Autonomia: saberes necess{\'a}rios à pr{\'a}tica educativa},
  year      = {1996}
}

@article{FREITAS2020,
  author  = {Wander Venerio Cardoso de Freitas},
  journal = {Amazon Digital Services LLC},
  title   = {Ludicidade: processo de aprendizagem e constru{\c{c}}{\~a}o dapersonalidade da crian{\c{c}}a},
  year    = {2020}
}

@article{GEMIGNANI2012,
  author        = {Elizabeth Yu Me Yut Gemignani},
  journal       = {Fronteira das Educa{\c{c}}{\~a}o},
  month         = {jan},
  number        = {2},
  pages         = {1-27},
  title         = {Forma{\c{c}}{\~a}o de Professores e Metodologias Ativas de Ensino-Aprendizagem: Ensinar Para a Compreens{\~a}o},
  url           = {https://edisciplinas.usp.br/pluginfile.php/8002882/mod_resource/content/1/Formacao_de_Professores_e_Metodologias_A.pdf},
  urlaccessdate = {06/07/2024},
  volume        = {1},
  year          = {2012}
}

@book{gil_metodos_2008,
  author    = {Ant{\^o}nio Carlos Gil},
  isbn      = {9788522451425},
  keywords  = {Administra{\c{c}}{\~a}o e servi{\c{c}}os auxiliares},
  language  = {pt-BR},
  month     = {mar},
  publisher = {Atlas},
  title     = {M{\'e}todos e T{\'e}cnicas De Pesquisa Social},
  year      = {2008}
}

@inbook{GOUVEIA2019,
  address      = {Rio de Janeiro, RJ},
  author       = {Carolina Augusta Assump{\c{c}}{\~a}o Gouveia AND Tauller Augusto de Araujo Matos AND Regina Pentagna Petrillo},
  collaborator = {Jos{\'e} Rog{\'e}rio de Moura Almeida Neto AND Cleyson de Moraes Mello},
  edition      = {2},
  isbn         = {9786589351931},
  language     = {pt-BR},
  month        = {jan},
  pages        = {27-39},
  publisher    = {Editora Processo Ltda.- ME},
  title        = {Metodologias Ativas},
  booksubtitle = {Desafios contempor{\^a}neos e aprendizagem transformadora},
  year         = {2022}
}

@misc{GUTIERREZ2006,
  author  = {{\'A}ngel Guti{\'e}rrez Rodr{\'i}guez},
  journal = {InFlores, P.; Ruiz, F.; De la Fuente, M. (eds.), Geometr{\'i}a para el siglo XXI. Badajoz, España: Federaci{\'o}n Española de Sociedades de Profesores de Matem{\'a}ticas ySociedad Andaluza de Educaci{\'o}n Matem{\'a}tica Thales},
  title   = {La investigaci{\'o}n sobre enseñanza y aprendizaje de la geometr{\'i}a},
  year    = {2006}
}

@article{JUNIOR2021,
  author  = {Airton Ara{\'u}jo de Souza J{\'u}nior},
  title   = {Ensino h{\'i}brido gamificado de componentes curriculares de bioqu{\'i}mica com foco em sala de aula invertida'},
  journal = {Doutorado em Bioqu{\'i}mica e Biologia Molecular Institui{\c{c}}{\~a}o de Ensino: UNIVERSIDADE FEDERAL DO RIO GRANDE DO NORTE, Natal},
  year    = {2021}
}

@inbook{KALEFF2003,
  author     = {Ana Maria Martensen Roland Kaleff},
  month      = {mar},
  isbn       = {9788522803644},
  langid     = {brasil},
  publisher  = {EdUFF},
  shorttitle = {Vendo e Entendendo Poliedros},
  title      = {Vendo e entendendo poliedros: do desenho ao c{\'a}lculo do volume atrav{\'e}s de quebra-cabe{\c{c}}as geom{\'e}tricos e outros materiais concretos},
  year       = {2003}
}

@inbook{KENSKI2014,
  author    = {Vani Moreira Kenski},
  isbn      = {9788530809706},
  language  = {pt-BR},
  month     = {sep},
  publisher = {Papirus Editora},
  series    = {Papirus educa{\c{c}}{\~a}o},
  title     = {Tecnologias e tempo docente},
  year      = {2014}
}

@mastersthesis{L.A.A.2013,
  author        = {Liliam Aparecida Alves Paes AND Paulo Laerte Natti},
  url           = {https://pergamum.uel.br/acervo/161914},
  urlaccessdate = {06/07/2024},
  title         = {N{\'u}meros Complexos: Uma Proposta Did{\'a}tica Baseada na Modelagem Matem{\'a}tica e em Contextos Hist{\'o}ricos},
  year          = {2013}
}

@article{LACERDA2023,
  author        = {Cec{\'i}lia Rosa Lacerda AND Marlene Gomes Guerreiro},
  doi           = {10.20396/riesup.v9i00.8668162},
  journal       = {Revista Internacional de Educa{\c{c}}{\~a}o Superior},
  month         = {sep},
  pages         = {e023036},
  place         = {Campinas, SP},
  title         = {Aprendizagem significativa : estudo sobre a vis{\~a}o dos professores no Ensino Superior},
  url           = {https://periodicos.sbu.unicamp.br/ojs/index.php/riesup/article/view/8668162},
  urlaccessdate = {06/07/2024},
  volume        = {9},
  year          = {2023}
}

@incollection{LORENZATO2006,
  author    = {Sergio Lorenzato AND Rodrigo Nascimento AND DPG Ltda AND {\'e}rica Bombardi AND Aline Marques AND Edson Estavarengo Jr AND Leo Agapejev Andrade},
  edition   = {2a ed. revista},
  editor    = {Lorenzato, Sergio},
  isbn      = {9788574961651},
  location  = {Campinas},
  pagetotal = {178},
  publisher = {Editora Autores Associados Ltda},
  series    = {Cole{\c{c}}{\~a}o Forma{\c{c}}{\~a}o de professores},
  title     = {O laborat{\'o}rio de ensino de matem{\'a}tica na forma{\c{c}}{\~a}o de professores},
  year      = {2012}
}

@article{LOVATO2018,
  author        = {Fabricio Lu{\'i}s Lovato AND Angela Michelotti AND Cristiane Brand{\~a}o da Silva AND Elgion Lucio da Silva Loretto},
  doi           = {10.17648/acta.scientiae.v20iss2id3690},
  issn          = {2178-7727},
  journal       = {Acta Scientiae},
  month         = {5},
  pages         = {18},
  title         = {Metodologias Ativas de Aprendizagem: Uma Breve Revis{\~a}o},
  url           = {https://doi.org/10.17648/acta.scientiae.v20iss2id3690},
  urlaccessdate = {06/07/2024},
  volume        = {20},
  year          = {2018}
}

@mastersthesis{LUCASANTONIOMENDESDE.2022,
  anotacao = {n{\~a}o encontrei},
  author   = {Lucas Antonio Mendes de Lima},
  journal  = {Mestrado Profissional em ENSINO DE MATEM{\'a}TICA Institui{\c{c}}{\~a}o de Ensino: UNIVERSIDADE DO ESTADO DO PAR{\'a}},
  title    = {Produtos Not{\'a}veis com materiais manipul{\'a}veis},
  pages    = {138},
  year     = {2022}
}

@article{MACEDO2018,
  author        = {Kelly Dandara da Silva Macedo AND Beatriz Suffer Acosta AND Ethel Bastos da Silva  AND Neila Santini de Souza AND Carmem L{\'u}cia Colom{\'e} Beck AND Karla Kristiane Dames da Silva},
  doi           = {10.1590/2177-9465-ean-2017-0435},
  issn          = {2177-9465, 1414-8145},
  journal       = {Escola Anna Nery},
  month         = {jul},
  number        = {3},
  title         = {Metodologias Ativas no Ensino em Sa{\'u}de},
  url           = {https://www.scielo.br/j/ean/a/XkVvYBMtbgRMLxQvkQGqQ7z},
  urlaccessdate = {06/07/2024},
  volume        = {22},
  year          = {2018}
}

@article{MARINI2019,
  author        = {Eduardo Marini},
  title         = {Entenda o que {\'e} Movimento Maker e como ele chegou à educa{\c{c}}{\~a}o},
  journal       = {Revista Educa{\c{c}}{\~a}o. 255 ed},
  year          = {2019},
  url           = {https://revistaeducacao.com.br/2019/02/22/movimento-maker-educacao/},
  urlaccessdate = {10/12/2023}
}

@article{MASETTO2012,
  author    = {Marcos Tarciso Masetto},
  journal   = {Ensinar e aprender no ensino superior: por uma epistemologia da curiosidade na forma{\c{c}}{\~a}o universit{\'a}ria},
  publisher = {Mackenzie},
  title     = {Doc{\^e}ncia universit{\'a}ria: repensando a aula},
  year      = {2012}
}

@article{MENDES2019,
  author  = {Luiz Otavio Rodrigues Mendes},
  title   = {A Gamifica{\c{c}}{\~a}o como estrat{\'e}gia de ensino: a percep{\c{c}}{\~a}o de professores de matem{\'a}tica},
  journal = {Disserta{\c{c}}{\~a}o (Mestrado em Ensino de Ci{\^e}ncias e Educa{\c{c}}{\~a}o Matem{\'a}tica) - Universidade Estadual de Ponta Grossa. Ponta Grossa},
  year    = {2019}
}

@mastersthesis{MENDONCA2018,
  author        = {Ismael Lopes Mendon{\c{c}}a},
  doi           = {10.32810/2525-3468.ip.v3i2.2018.33775.125-126},
  journal       = {Informa{\c{c}}{\~a}o em Pauta},
  month         = {dez},
  number        = {2},
  pages         = {125-126},
  title         = {A tipografia como manifesta{\c{c}}{\~a}o cultural},
  url           = {https://doi.org/10.32810/2525-3468.ip.v3i2.2018.33775.125-126},
  urlaccessdate = {06/07/2024},
  volume        = {3},
  school        = {Universidade Federal do Cear{\'a}},
  year          = {2018}
}

@book{MINAYO2009,
  author        = {Suely Ferreira Deslandes AND Romeu Gomes AND Maria Cec{\'i}lia de Souza Minayo},
  journal       = {Petr{\'o}polis, RJ: Vozes},
  publisher     = {Editora Vozes},
  title         = {Pesquisa social: teoria, m{\'e}todo e criatividade},
  shorttitle    = {Pesquisa social},
  isbn          = {9788532652027},
  url           = {https://www.amazon.com.br/Pesquisa-social-criatividade-Manuais-Acad{\^e}micos/dp/8532652026},
  urlaccessdate = {06/07/2024},
  month         = {sep},
  language      = {pt-BR},
  year          = {2016}
}

@article{MORAN1995,
  author  = {L. Moran},
  title   = {Internet no ensino},
  journal = {Comunica{\c{c}}{\~a}o \& Educa{\c{c}}{\~a}o. V (14): janeiro/abril 1999, p. 17-26. NEGROPONTE, Nicholas. A vida digital. S{\~a}o Paulo: Companhia das Letras},
  pages   = {17-26},
  month   = {jan},
  year    = {1995}
}

@book{MORAN2012,
  author    = {Jos{\'e} Manuel Moran},
  title     = {A Educa{\c{c}}{\~a}o que Desejamos: novos desafios e como chegar l{\'a}},
  publisher = {Campinas: Papirus},
  year      = {2012}
}

@book{MORAN2018,
  anotacao      = {encontrei o certo?},
  author        = {Jos{\'e} Maria Moran},
  editor        = {Porto Alegre: Penso},
  journal       = {Metodologias ativas para uma constru{\c{c}}{\~a}o inovadora: uma abordagem te{\'o}rico-pr{\'a}tica},
  title         = {Metodologias ativas para uma aprendizagem mais profunda},
  url           = {https://acervo.enap.gov.br/cgi-bin/koha/opac-detail.pl?biblionumber=52403},
  publisher     = {Porto Alegre: Penso},
  urlaccessdate = {06/07/2024},
  pages         = {1-25},
  year          = {2018}
}


@article{Mota2018,
  author        = {Ana Rita Mota AND Cleci Teresinha Werner da Rosa},
  doi           = {10.5335/rep.v25i2.8161},
  journal       = {Revista Espa{\c{c}}o Pedag{\'o}gico},
  month         = {maio},
  number        = {2},
  pages         = {261-276},
  title         = {Ensaio sobre metodologias ativas: reflex{\~o}es e propostas},
  url           = {https://seer.upf.br/index.php/rep/article/view/8161},
  urlaccessdate = {06/07/2024},
  volume        = {25},
  year          = {2018}
}

@article{NathBragaTeixeira2017,
  author  = {Lucas Andrei Alves Teixeira AND Margarete Aparecida Nath Braga},
  issn    = {1980-7406},
  journal = {Encontro Científico Cultural Interinstitucional},
  number  = {15},
  title   = {Metodologias ativas no s{\'e}culo XXI, repensando a educa{\c{c}}{\~a}o brasileira},
  volume  = {15},
  year    = {2017}
}

@book{NOGUEIRA2020,
  author    = {Daniel Ramos Nogueira AND Edvalda Araujo Leal AND Gilberto Jos{\'e} Miranda AND Silvia Pereira de Castro Casa Nova},
  journal   = {S{\~a}o Paulo: Atlas},
  publisher = {Atlas},
  title     = {Revolucionando a sala de aula 2: novas metodologias ainda mais ativas},
  isbn      = {9788597025460},
  pages     = {1-336},
  year      = {2020}
}

@article{NUNES2022,
  author  = {Renata Nunes},
  doi     = {10.35819/tear.v11.n2.a6209},
  journal = {Tear: Revista de Educa{\c{c}}{\~a}o, Ci{\^e}ncia e Tecnologia, Canoas, v. 11, n. 2},
  number  = {2},
  title   = {A aprendizagem baseada em problemas (ABP) aplicada ao ensino de Qu{\'i}mica Inorg{\^a}nica: as cores dos minerais},
  volume  = {11},
  year    = {2022}
}

@article{OLIVEIRA2021,
  author  = {Djalma Alves de Oliveira},
  title   = {Aprendizagem baseada em problemas: uma estrat{\'e}gia para trabalhar educa{\c{c}}{\~a}o ambiental com estudantes do munic{\'i}pio de Bonito/PE},
  journal = {Universidade Federal de Pernambuco, Caruaru},
  year    = {2021}
}

@misc{OSHIMA2011,
  author        = {Isabel Satico Oshima AND Ros{\^a}ngela Cristina Ottesbach AND Regina Maria Pavanello},
  month         = {jan},
  title         = {O Laborat{\'o}rio de Ensino de Matem{\'a}tica e o Ensino da Geometria},
  url           = {https://www.gestaoescolar.diaadia.pr.gov.br/arquivos/File/producoes_pde/md_isabel_satico_oshima.pdf},
  urlaccessdate = {06/07/2024},
  year          = {2011}
}

@article{PARENTE2020,
  author  = {V{\^a}nia Gon{\c{c}}alves Parente},
  title   = {Sess{\~o}es tutoriais apoiadas na Aprendizagem Baseada em Problemas (ABP) para o ensino de Ecologia: trabalhando os conceitos ecol{\'o}gicos no contexto da minera{\c{c}}{\~a}o},
  journal = {131 f. Disserta{\c{c}}{\~a}o (Mestrado Profissional em Ensino de Biologia) - Universidade Federal do Par{\'a}, Instituto de Ci{\^e}ncias Biol{\'o}gicas, Bel{\'e}m},
  year    = {2020}
}

@article{PASSOS2006,
  anotacao = {n{\~a}o encontrei},
  author   = {Carmen Lucia Brancaglion Passos},
  journal  = {In: LORENZATO, S. (ED) O laborat{\'o}rio de ensino de matem{\'a}tica na forma{\c{c}}{\~a}o de professores. S{\~a}o Paulo: Autores Associados},
  title    = {Materiais manipul{\'a}veis como recurso did{\'a}tico na forma{\c{c}}{\~a}o de professores de matem{\'a}tica},
  pages    = {77-92},
  year     = {2006}
}

@article{PAULA2019,
  author  = {PAULA, B. B AND OLIVEIRA, T. AND MARTINS, C. B},
  title   = {An{\'a}lise do Uso da Cultura Maker em Contextos Educacionais: Revis{\~a}o Sistem{\'a}tica da Literatura},
  journal = {Revista Novas Tecnologias na Educa{\c{c}}{\~a}o, Porto Alegre, v. 17, n. 3},
  pag     = {447–457},
  year    = {2019},
  doi     = {10.22456/1679-1916.99528}
}

@article{Pereira2022,
  author  = {Pereira, Thales de L{\'e}lis Martins},
  journal = {Disserta{\c{c}}{\~a}o (Mestrado) – Universidade Federal de Juiz de Fora, Institutode Ci{\^e}ncias Exatas. Mestrado Profissional em Matem{\'a}tica em Rede Nacional- (PROFMAT)},
  title   = {Geometria din{\^a}mica : um estudo de atividades investigativas e demonstra{\c{c}}{\~o}es em geometria plana},
  year    = {2022}
}

@article{PEREIRALEITE2023,
  author  = {PEREIRA. J. A. AND LEITE, B. S},
  title   = {Gamifica{\c{c}}{\~a}o no ensino de Qu{\'i}mica: uma Revis{\~a}o Sistem{\'a}tica da Literatura},
  journal = {R. Eletr. Cient. Inov. Tecnol, Medianeira, v. 14. n. 33},
  pag     = {57- 78},
  year    = {2023}
}

@article{PIERINI2019,
  author  = {LOPES, R. M. AND ALVES, N. G. AND PIERINI, M. F. AND SILVA FILHO, M. V},
  title   = {Caracter{\'i}sticas gerais da aprendizagem baseada em problemas},
  journal = {In: LOPES, R. M.; SILVA FILHOS, M. V.; ALVES, N. G. (org.). Aprendizado baseado em problemas: fundamentos para a aplica{\c{c}}{\~a}o no ensino m{\'e}dio e na forma{\c{c}}{\~a}o de professores. Rio de Janeiro: Publiki},
  year    = {2019}
}

@book{polya1978,
  title     = {A Arte De Resolver Problemas},
  isbn      = {9788571931367},
  publisher = {Editora Interci{\^e}ncia},
  author    = {Polya, George},
  langid    = {brazil},
  keywords  = {Matem{\'a}tica},
  year      = {1978}
}

@book{resolucaoDeProblemas2019,
  title         = {Resolu{\c{c}}{\~a}o de Problemas: Teoria e Pr{\'a}tica},
  author        = {Lourdes de la Rosa Onuchic AND 
                   Andresa Maria Justulin AND Fabiane Cristina Höpner Noguti AND Norma Suely Gomes Allevato},
  isbn          = {9788546217557},
  url           = {https://books.google.com.br/books?id=xAOcDwAAQBAJ},
  urlaccessdate = {10/07/2024},
  year          = {2019},
  publisher     = {Paco e Littera}
}

@mastersthesis{ROCHA2023,
  anotacao = {n{\~a}o encontrei},
  author   = {Daniel Cleberson da Concei{\c{c}}{\~a}o Rocha AND Dhone Pereira de Sousa AND Maria Cezar de Sousa AND Gildon C{\'e}sar de Oliveira AND Guilherme Luiz de Oliveira Neto AND Joenilson Vieira Soares AND Josiel de Sousa Costa AND Luiz Carlos Ara{\'u}jo da Silva},
  doi      = {10.54751/revistafoco.v17n4-089},
  journal  = {Revista Foco - Interdisciplinary Studies},
  school   = {Instituto Federal de Educa{\c{c}}{\~a}o, Ci{\^e}ncia e Tecnologia do Piau{\'i}, Campus Floriano},
  title    = {O ensino de probabilidade mediado por materiais did{\'a}ticos manipul{\'a}veis: experi{\^e}ncias formativas},
  number   = {4},
  url      = {https://doi.org/10.54751/revistafoco.v17n4-089},
  month    = {apr},
  volume   = {17},
  year     = {2024}
}

@article{SANTOS2020,
  author  = {SANTOS, A. L. C. AND SILVA, F. V. C. AND SANTOS, L. G. T. AND FEITOSA, A. A. F. M. A},
  title   = {Dificuldades apontadas por professores do programa de mestrado profissional em ensino de biologia para o uso de metodologias ativas em escolas de rede p{\'u}blica na Para{\'i}ba},
  volume  = {6},
  journal = {Brazilian Journal of  Development, Curitiba},
  number  = {4},
  pag     = {21959-21973},
  year    = {2020}
}

@article{Santos2022,
  author        = {Danielle Fernandes Amaro dos Santos AND Ana Sara Castaman},
  doi           = {10.5965/1984723823512022334},
  journal       = {Revista Linhas},
  month         = {maio},
  number        = {51},
  pages         = {334-357},
  place         = {Florian{\'o}polis},
  title         = {Metodologias ativas: uma breve apresenta{\c{c}}{\~a}o conceitual e de seus m{\'e}todos},
  url           = {https://www.revistas.udesc.br/index.php/linhas/article/view/20185},
  urlaccessdate = {06/07/2024},
  volume        = {23},
  year          = {2022}
}

@article{SantosPereira2016,
  author        = {Jamerson dos Santos Pereira AND Andreia Maria Pereira de Oliveira},
  doi           = {10.1590/1516-731320160010007},
  journal       = {Ci{\^e}ncia \& Educa{\c{c}}{\~a}o (Bauru)},
  month         = {3},
  pages         = {99-115},
  title         = {Materiais manipul{\'a}veis e engajamento de estudantes nas aulas de matem{\'a}tica envolvendo t{\'o}picos de geometria},
  url           = {https://www.scielo.br/j/ciedu/a/trnC3B5JbdpQ36JYSgKnKvm},
  urlaccessdate = {06/07/2024},
  volume        = {22},
  year          = {2016}
}

@article{SCARPA-SILVA2013,
  author  = {SCARPA, Daniela Lopes AND SILVA, Ma{\'i}ra Batistoni},
  title   = {A biologia e o ensino de Ci{\^e}ncias por investiga{\c{c}}{\~a}o: dificuldades e possibilidades. Ensino de Ci{\^e}ncias por investiga{\c{c}}{\~a}o: condi{\c{c}}{\~o}es para implementa{\c{c}}{\~a}o em sala de aula},
  journal = {S{\~a}o Paulo: Cengage Learning},
  year    = {2013}
}

@article{SEGURA2015,
  author        = {Eduardo Segura AND Josefina Diosdada Barrera Kalhil},
  journal       = {Revista da Rede Amaz{\^o}nica de Educa{\c{c}}{\~a}o em Ci{\^e}ncias e Matem{\'a}tica - REAMEC, Cuiab{\'a} - MT, n 03},
  title         = {Metodologia Ativa como Proposta Para o Ensino De Ci{\^e}ncias},
  month         = {dec},
  pages         = {87},
  doi           = {10.26571/2318-6674.a2015.v3.n1.p87-98.i5308},
  url           = {https://periodicoscientificos.ufmt.br/ojs/index.php/reamec/article/view/5308},
  urlaccessdate = {06/07/2024},
  year          = {2015}
}

@book{SEVERINO2007,
  author    = {SEVERINO, Ant{\^o}nio Joaquim},
  title     = {Metodologia do trabalho cient{\'i}fico},
  publisher = {23. ed. rev. e atual. S{\~a}o Paulo: Cortez},
  year      = {2007}
}

@article{SILVA-LINS-LEAO2019,
  author  = {SILVA, I. M. AND LINS, W. C. B. AND LE{\~a}O, M. B. C},
  title   = {An{\'a}lise de um problema proposto a licenciandos em Qu{\'i}mica sob a perspectiva da Aprendizagem Baseada em Problemas},
  journal = {In: XII Encontro Nacional de Pesquisa em Educa{\c{c}}{\~a}o em Ci{\^e}ncias – ENPEC. Natal, RN},
  year    = {2019}
}

@article{SILVA-PIRES2020,
  author  = {Felipe do Espirito Santo Silva-Pires AND Val{\'e}ria da Silva Trajano AND Tania Cremonini de Araujo-Jorge},
  title   = {A Teoria da Aprendizagem Significativa e o jogo},
  journal = {Rev. Educ. Quest{\~a}o [online]. 2020, vol.58, n.57, E-21088.  Epub 12-Ago-21},
  year    = {2021},
  issn    = {1981-1802}
}

@article{SILVA2019,
  author  = {Jackson Rubem Rosendo Silva},
  title   = {Percep{\c{c}}{\~a}o De Alunos Do Ensino M{\'e}dio Quanto Ao Uso Das Metodologias Ativas No Ensino De Ci{\^e}ncias},
  journal = {Tese apresentada Programa De P{\'o}s-Gradua{\c{c}}{\~a}o Em Educa{\c{c}}{\~a}o Em Ci{\^e}ncias: Qu{\'i}mica Da Vida E Sa{\'u}de, Universidade Federal Do Rio Grande Do Sul, Porto Alegre},
  year    = {2019}
}

@article{Siqueira2009,
  author  = {Rogério Monteiro de Siqueira},
  journal = {In:Scientiarum Historia II Encontro Luso-Brasileiro de Hist{\'o}ria das Ci{\^e}ncias, 2009, Rio deJaneiro. Anais do Scientiarum Historia II},
  title   = {De Oslo a Roma: A Enziklopädie kleiniana de Geometria},
  year    = {2009}
}

@phdthesis{SOSTER2018,
  author        = {Tatiana Sansone Soster},
  journal       = {Tecnologias, Sociedade e Conhecimento},
  volume        = {7},
  month         = {dec},
  school        = {Universidade Estadual de Campinas},
  title         = {Revelando as ess{\^e}ncias da Educa{\c{c}}{\~a}o Maker: percep{\c{c}}{\~o}es das teorias e das pr{\'a}ticas},
  url           = {https://doi.org/10.20396/tsc.v7i2.14864},
  doi           = {doi.org/10.20396/tsc.v7i2.14864},
  urlaccessdate = {06/07/2024},
  year          = {2020}
}

@mastersthesis{SOUSA2022,
  anotacao = {n{\~a}o encontrei},
  author   = {Ana Paula Linhares de Sousa},
  journal  = {Mestrado Profissional em PROFBIO ENSINO DE BIOLOGIA EM REDE NACIONAL Institui{\c{c}}{\~a}o de Ensino: UNIVERSIDADE ESTADUAL DO CEAR{\'a}, Belo Horizonte},
  school   = {Universidade Estadual do Cear{\'a}},
  title    = {Biogame: alfabetiza{\c{c}}{\~a}o cient{\'i}fica e ensino por investiga{\c{c}}{\~a}o por meio de um jogo did{\'a}tico sobre biotecnologia},
  year     = {2022}
}

@article{SOUZA2016,
  author  = {Débora Vieira de Souza},
  title   = {O Ensino de No{\c{c}}{\~o}es de C{\'a}lculo Diferencial e Integral por meio da Aprendizagem Baseada em Problemas},
  journal = {Disserta{\c{c}}{\~a}o (Mestrado Profissional em Ensino de Ci{\^e}ncias e Matem{\'a}tica) - Instituto Federal de Educa{\c{c}}{\~a}o, Ci{\^e}ncia e Tecnologia de S{\~a}o Paulo, IFSP},
  year    = {2016}
}

@mastersthesis{SOUZA2021,
  author        = {Poliana Martins de Souza},
  journal       = {92 f. Mestrado Profissional em Matem{\'a}tica em Rede Nacional Institui{\c{c}}{\~a}o de Ensino: UNIVERSIDADE TECNOL{\'o}GICA FEDERAL DO PARAN{\'a} (CORN{\'e}LIO PROC{\'o}PIO), Rio de Janeiro},
  title         = {O estudo de {\'a}lgebra no ensino fundamental II: uma proposta com materiais manipul{\'a}veis},
  url           = {https://repositorio.utfpr.edu.br/jspui/handle/1/28188},
  urlaccessdate = {06/07/2024},
  month         = {aug},
  year          = {2021}
}

@article{SOUZA2022,
  author        = {Daysa Joanita dos Santos Souza},
  journal       = {CABEDELO - PB},
  title         = {Metodologias ativas e transdisciplinaridade: an{\'a}lise valorativa dos professores na utiliza{\c{c}}{\~a}o da aprendizagem baseada em problemas},
  url           = {https://www.iesp.edu.br/sistema/uploads/arquivos/publicacoes/metodologias-ativas-e-transdisciplinaridade-analise-valorativa-dos-professores-na-utilizacao-da-aprendizagem-baseada-em-problemas-autor-souza-daysa-joanita-dos-santos-.pdf},
  urlaccessdate = {06/07/2024},
  year          = {2022}
}

@article{TANGERINO2017,
  author  = {Lauro Ivan Tangerino},
  title   = {Reflex{\~o}es acerca do uso da aprendizagem baseada em problemas no ensino de matem{\'a}tica em um curso t{\'e}cnico integrado ao Ensino M{\'e}dio},
  journal = {145f. Disserta{\c{c}}{\~a}o (Mestrado em Ensino de Ci{\^e}ncias e Matem{\'a}tica) – Instituto Federal de Educa{\c{c}}{\~a}o, Ci{\^e}ncia e Tecnologia de S{\~a}o Paulo, S{\~a}o Paulo},
  year    = {2017}
}

@article{TEIXEIRA2017,
  author        = {Lucas Andrei Alves Teixeira AND Margarete Aparecida Nath-Braga},
  journal       = {Anais do 15º Encontro Cient{\'i}fico Cultural Interinstitucional e 1º Encontro Internacional},
  title         = {Metodologias ativas no s{\'e}culo XXI, repensando a educa{\c{c}}{\~a}o brasileira},
  url           = {https://www.fag.edu.br/mvc/assets/pdfs/anais-2017/LUCAS%20ANDREI%202.pdf},
  urlaccessdate = {06/07/2024},
  issn          = {1980-7406},
  pages         = {16},
  journal       = {Anais do 15º Encontro Cient{\'i}fico Cultural Interinstitucional e 1º Encontro Internacional},
  year          = {2017}
}

@mastersthesis{TURRIONI2006,
  anotacao = {n{\~a}o encontrei},
  author   = {Ana Maria Silveira Turrioni AND Geraldo Perez},
  journal  = {In: LORENZATO, S. Laborat{\'o}riode Ensino de Matem{\'a}tica na forma{\c{c}}{\~a}o de professores. Campinas: AutoresAssociados},
  volume   = {1},
  pages    = {57-76},
  title    = {Implementando um laborat{\'o}rio de educa{\c{c}}{\~a}o matem{\'a}tica para apoio na forma{\c{c}}{\~a}o de professores},
  year     = {2006}
}

@article{USISKIN1994,
  anotacao = {n{\~a}o encontrei},
  author   = {USISKIN, Zalman},
  journal  = {In:LIDQUIST, Mary Montgomery; SHULTE, Albert P. (Org.). Aprendendo e ensinando geometria. Tradu{\c{c}}{\~a}o de Hygino H. Domingues. S{\~a}o Paulo: Atual},
  title    = {Resolvendo alguns dilemas permanentes da geometria escolar},
  year     = {1994}
}

@inbook{VALENTE2018,
  author        = {Armando Jos{\'e} Valente},
  editor        = {Porto Alegre: Penso},
  isbn          = {9788584291151},
  journal       = {In: MORAN, J. M.; BACICHI, L. (org.). Metodologias ativas para uma constru{\c{c}}{\~a}o inovadora: uma abordagem te{\'o}rico-pr{\'a}tica. Porto Alegre: Penso, 2018. p. 26-45},
  pages         = {26-44},
  title         = {A sala de aula invertida e a possibilidade do ensino personalizado: uma experi{\^e}ncia com a gradua{\c{c}}{\~a}o em midialogia},
  url           = {https://edisciplinas.usp.br/pluginfile.php/7722229/mod_resource/content/1/Metodologias-Ativas-para-uma-Educacao-Inovadora-Bacich-e-Moran.pdf},
  urlaccessdate = {06/07/2024},
  year          = {2018}
}


@article{VALERIO-MOREIRA2018,
  author  = {Marcelo Val{\'e}rio AND Ana L{\'u}cia Olivo Rosas Moreira},
  title   = {Sete cr{\'i}ticas à sala de aula invertida},
  journal = {Revista Contexto \& Educa{\c{c}}{\~a}o, 33(106)},
  pag     = {215–230},
  year    = {2018},
  doi     = {https://doi.org/10.21527/2179-1309.2018.106.215-230}
}

@book{van_de_walle_elementary_2000,
  address    = {New York},
  edition    = {4th ed},
  title      = {Elementary and middle school mathematics: teaching developmentally},
  isbn       = {9780801332548 9780801332531},
  shorttitle = {Elementary and middle school mathematics},
  publisher  = {Addison Wesley Longman},
  author     = {John A. Van de Walle},
  year       = {2000},
  keywords   = {Mathematics, Study and teaching (Elementary), Study and teaching (Middle school)}
}

