

@article{D’AMBROSIO2009,
  author  = {D’ AMBROSIO, Ubiratan.},
  journal = {17. ed. Campinas: Papirus,},
  title   = {Educação matemática da teoria à prática. Coleção perspectivas emeducação matemática.},
  year    = {2009}
}

@article{Sousa2021,
  author  = {Manuelito Silva Sousa},
  journal = {Dissertação (mestrado) - Universidade Estadual de Feira de Santana. Programa de Pós-Graduação Mestrado Profissional em Matemática em Rede Nacional - PROFMAT},
  title   = {Considerações sobre o Teorema de Euler},
  year    = {2021}
}

@article{Pereira2022,
  author  = {Pereira, Thales de Lélis Martins},
  journal = {Dissertação (Mestrado) – Universidade Federal de Juiz de Fora, Institutode Ciências Exatas. Mestrado Profissional em Matemática em Rede Nacional- (PROFMAT)},
  title   = {Geometria dinâmica : um estudo de atividades investigativas e demonstrações em geometria plana.},
  year    = {2022}
}

@article{OLIVEIRA2021,
  author  = {OLIVEIRA, CLAUDIA MENEGHIN DE},
  journal = {76 f. Mestrado Profissional em Matemática em Rede Nacional Instituição de Ensino: UNIVERSIDADE ESTADUAL DE CAMPINAS, Rio de Janeiro Biblioteca Depositária: Biblioteca Central da Unicamp},
  title   = {Propostas de uso do Teorema de Euler para Poliedros em sala de aula},
  year    = {2021}
}

@article{Educacao.2018,
  author  = {BRASIL, Ministério da Educação.},
  journal = {Brasília},
  title   = {Base Nacional Comum Curricular.},
  year    = {2018}
}

@article{ANASTASIOU2004,
  author  = {ANASTASIOU, Léa das Graças Camargos; ALVES, Leonir Pessate.},
  journal = {In: ANASTASIOU, Léa das Graças Camargos;ALVES, Leonir Pessate. (Orgs.). Processos de ensinagem na universidade. Pressupostos para as estratégias de trabalho em aula.},
  title   = {Estratégias de ensinagem.},
  year    = {2004}
}

@article{Siqueira2009,
  author  = {Siqueira, R.M.},
  journal = {In:Scientiarum Historia II Encontro Luso-Brasileiro de História das Ciências, 2009, Rio deJaneiro. Anais do Scientiarum Historia II,},
  title   = {De Oslo a Roma: A Enziklopädie kleiniana de Geometria.},
  year    = {2009}
}

@article{E.L.1991,
  author  = {LIMA, E. L.},
  journal = {Rio de Janeiro: SBM, 97 p. Coleção do Professor de Matemática.},
  title   = {Medida e Forma em Geometria: Comprimento, Área, Volume eSemelhança.},
  year    = {1991}
}

@article{NASCIMENTO2013,
  author  = {NASCIMENTO, M.; SALGADO, S. A. B.},
  journal = {In: ANAIS DO VI COLÓQUIO DEHISTÓRIA E TECNOLOGIA NO ENSINO DE MATEMÁTICA, 2013, São Carlos, SP.},
  title   = {Uma demonstração do Teorema de Euler para poliedros convexos via geometria esférica.},
  year    = {2013}
}

@article{SIMOES2021,
  author  = {SIMOES, ROBSON CAJUEIRO.},
  journal = {Mestrado Profissional em Matemática em Rede Nacional Instituição de Ensino: UNIVERSIDADE ESTADUAL DE SANTA CRUZ, Rio de Janeiro Biblioteca Depositária: CDD - 510.7},
  title   = {OFICINA DE GEOMETRIA: UMA ABORDAGEM LÚDICA E CONTEXTUALIZADA DE POLIEDROS'},
  year    = {2021}
}

@article{FREITAS2020,
  author  = {FREITAS, W. V. C. d.},
  journal = {Amazon Digital Services LLC},
  title   = {Ludicidade: processo de aprendizagem e construção dapersonalidade da criança.},
  year    = {2020}
}

@article{SILVA2018,
  author = {SILVA, J. M. da.; MASSARANDUBA, D. M. da S.},
  title  = {Origami: a Geometria dasDobraduras.},
  year   = {2018}
}

@article{GENOVA2008,
  author  = {GENOVA, C.},
  journal = {São Paulo: Escrituras Editora,},
  title   = {Origami, contos e encantos.},
  year    = {2008}
}

@article{FLEISCHMANN2019,
  author  = {SCHEILA ODISI FLEISCHMANN},
  journal = {Dissertação (Mestrado) - Universidade Tecnológica Federal do Paraná. Programa de Mestrado Profissional em Matemática em Rede Nacional, Curitiba},
  title   = {O ORIGAMI E SUAS DOBRAS NO ENSINO E APRENDIZAGEM DECONTEÚDOS MATEMÁTICOS},
  year    = {2019}
}

@article{ASCHENBACH1997,
  author  = {ASCHENBACH, Lena; FAZENDA, Ivani; ELIAS, Marisa.},
  journal = {Paulo: Scipione},
  title   = {A arte-magia dasdobraduras. Histórias e atividades pedagógicas com origami.},
  year    = {1997}
}

@article{RAPHAELZAHLUTHDE.2021,
  author  = {LIMA, RAPHAEL ZAHLUTH DE.},
  journal = {83 f. Mestrado Profissional em Matemática em Rede Nacional Instituição de Ensino: UNIVERSIDADE FEDERAL DO PARÁ, Rio de Janeiro Biblioteca},
  title   = {ENSINO DA GEOMETRIA SOB UMA VISÃO DE DOBRADURAS NO ORIGAMI: UMA PROPOSTA DE ATIVIDADES PARA A EDUCAÇÃO BÁSICA},
  year    = {2021}
}

@article{QUINTINO2020,
  author  = {QUINTINO, B.; JÚNIOR, V. D.},
  journal = {Revista de Ensino de Ciências e Matemática, v. 11,n. 4, p. 254-274, 22 jul.},
  title   = {O origami enquanto manifestação artística e possíveisrelações com o ensino de Matemática.},
  year    = {2020}
}

@article{LANG.R.2003,
  author  = {LANG. R. J.},
  journal = {Natik, MA:A. K. Peters,},
  title   = {Origami design secrets: mathematical methods for an ancient art.},
  year    = {2003}
}

@article{RogeriaGaudencio2018,
  author  = {RÊGO, Rogéria Gaudencio; RÊGO, Rômulo Marinho; JÚNIOR, Severino Gaudencio.},
  journal = {2. ed. João Pessoa: Editorado CCTA,},
  title   = {AGeometria do Origami: Atividades de Ensino com Dobraduras.},
  year    = {2018}
}
@mastersthesis{kappaun2017orcamento,
  title   = {Orçamento familiar: os benefícios da educação financeira},
  author  = {Kappaun, Jéssica},
  school  = {Universidade Federal de Santa Catarina},
  address = {Jaraguá do Sul},
  year    = {2017}
}
@article{HAYASAKA2021,
  author = {HAYASAKA, Enio Yoshinori; NISHIDA, Silvia Mitiko.},
  title  = {equena história sobre ORIGAMI},
  year   = {2021}
}

@article{CharlenedeFarias2019,
  author  = {DIAS, Charlene de Farias; FRONZA, Juliana; VEBBER, Guilherme Cañete},
  journal = {In: Revista Eletrônica daMatemática, Bento Gonçalves, RS. v. 5, n. 2, p. 108 -122},
  title   = {Experimentação do origami no ensino da geometria},
  year    = {2019}
}

@article{SantosRibeiro2021,
  author  = {Rafaela dos Santos Ribeiro; Roberta dos Santos Ribeiro; Valdinei Cezar Cardoso},
  journal = {Kiri-kerê: Pesquisa em Ensino, n.11, dez.},
  title   = {Origami como material manipulativo: investigandopossibilidades para ensinar geometria para um aluno deterceiro ano do Ensino Fundamental},
  year    = {2021}
}

@article{Stehling2021,
  author  = {Stehling, D. F. e Conti, K. C.},
  journal = {Revista Baiana de Educação Matemática, 1, p. e202005},
  title   = {Conhecimento matemático na Educação Infantil: saberes e práticas de professoras num grupo colaborativo},
  year    = {2021}
}

@article{BRASIL1998,
  author  = {BRASIL},
  journal = {Brasília: MECSEF},
  title   = {Parâmetros Curriculares Nacionais: terceiro e quarto ciclos:Apresentação dos Temas Transversais.},
  year    = {1998}
}

@article{Fredrich2018,
  author  = {Fredrich, Luciane Santorum},
  journal = {Programa de Pós-Graduação em Educação em Ciências e Matemática. Pontifícia Universidade Católica do Rio Grande do Sul},
  title   = {Ensino da matemática na educação infantil : uma análise das percepções de professores e dos jogos de linguagem presentes em sua prática docente},
  year    = {2018}
}

@article{OLIVEIRA2004,
  author = {OLIVEIRA, Fátima Ferreira.},
  title  = {Origami: Matemática e Sentimento.},
  year   = {2004}
}

@article{LOPES2001,
  author  = {LOPES, Maria da gloria.},
  journal = {3 ed. SãoPaulo: Cortez},
  title   = {Jogos na educação: criar , fazer, jogar.},
  year    = {2001}
}

@article{AVILA2010,
  author  = {ÁVILA, Geraldo Severo de Souza.},
  journal = {2.ed. São Paulo: Blucher},
  title   = {Várias faces da matemática: tópicos paralicenciatura e leitura geral.},
  year    = {2010}
}

@article{PAVIANI2014,
  author  = {PAVIANI, Jayme},
  journal = {Caxias do Sul, RS: EDUCS, 2014. 107 p.},
  title   = {Uma introdução à filosofia.},
  year    = {2014}
}

@article{SETTIMY2020,
  author  = {THAÍS FERNANDA DE OLIVEIRA SETTIMY; MARCELO ALMEIDA BAIRRAL},
  journal = {VIDYA, v. 1, pág. 177-195, jan./junho},
  title   = {DIFICULDADES DE ENVOLVENDO A VISUALIZAÇÃO EM GEOMETRIA ESPACIAL},
  year    = {2020}
}

@article{SANTOS2021,
  author  = {SANTOS, DANIEL JULIO FIGUEIREDO CRUZ HORTA.},
  journal = {Mestrado Profissional em Tecnologias e Inovações Ambientais Instituição de Ensino: UNIVERSIDADE FEDERAL DE LAVRAS, Lavras Biblioteca},
  title   = {USO DE MODELAGEM EM FLUIDODINÂMICA COMPUTACIONAL EM SISTEMAS ALAGADOS CONSTRUÍDOS DE ESCOAMENTO HORIZONTAL SUBSUPERFICIAL: AVALIAÇÃO DA INFLUÊNCIA DE CHICANAS E VEGETAÇÃO'},
  year    = {2021}
}

@article{JoseCarlosPintoLeivas2017,
  author  = {Marluce Trentin Oliveira e José Carlos Pinto Leivas},
  journal = {Ciência e Natura, Santa Maria v.39 n.1, 2017, Jan - abr, p. 108 – 117Revista do Centro de Ciências Naturais e Exatas - UFSM},
  title   = {Visualização e Representação Geométrica com suporte na Teoria de Van Hiele},
  year    = {2017}
}

@article{Paula2020,
  author  = {Paula, Ednara Alves da Silva},
  journal = {Universidade Federal Rural do Rio de Janeiro},
  title   = {Geometria espacial: a aprendizagem através de diferentes recursos didáticos},
  year    = {2020}
}

@article{COELHO2021,
  author  = {COELHO, LILIANE SILVA NASCIMENTO},
  journal = {175 f. Mestrado Profissional em ENSINO DE MATEMÁTICA Instituição de Ensino: UNIVERSIDADE DO ESTADO DO PARÁ, Belém Biblioteca Depositária: Biblioteca Paulo Freire/CCSE},
  title   = {Inscrição e Circunscrição de Sólidos Geométricos por Meio de Materiais Manipuláveis'},
  year    = {2021}
}

@article{VERONA2016,
  author = {VERONA, Viviane Aparecida; LOPES, Maria Regina Macieira.},
  title  = {Aplicação da GeometriaEspacial em Ambientes Diversos.},
  year   = {2016}
}

@article{CHIZZOTTI1998,
  author           = {CHIZZOTTI, A.},
  journal          = {São Paulo: Cortez},
  title            = {Pesquisa em Ciências Humanas e Sociais.},
  year             = {1998},
  creationdate     = {2023-10-10T15:13:16},
  modificationdate = {2023-10-10T15:13:37},
  owner            = {Joel Bragança Junior-PROFMAT}
}

@article{AntonioCarlos.2008,
  author           = {GIL, Antonio Carlos.},
  journal          = {4. ed. São Paulo: Atlas,},
  title            = {Como elaborar projetos depesquisa.},
  year             = {2008},
  creationdate     = {2023-10-10T15:15:08},
  modificationdate = {2023-10-10T15:15:28},
  owner            = {Joel Bragança Junior-PROFMAT}
}

@article{MINAYO2009,
  author           = {MINAYO, M. C. S. (org.).},
  journal          = {Petrópolis, RJ:Vozes,},
  title            = {Pesquisa Social. Teoria, método e criatividade.},
  year             = {2009},
  creationdate     = {2023-10-10T15:16:03},
  modificationdate = {2023-10-10T15:16:23},
  owner            = {Joel Bragança Junior-PROFMAT}
}

@article{BOGDAN1994,
  author           = {BOGDAN, R.; BIKLEN, S.},
  journal          = {Porto, Portugal: PortoEditora,},
  title            = {Investigação qualitativa em educação},
  year             = {1994},
  creationdate     = {2023-10-10T15:17:24},
  modificationdate = {2023-10-10T15:17:44},
  owner            = {Joel Bragança Junior-PROFMAT}
}

@article{MARCONI2012,
  author           = {MARCONI, Marina de Andrade de. ; LAKATOS, Eva Maria.},
  journal          = {7. ed. São Paulo: Atlas},
  title            = {Metodologia do trabalho científico: procedimentos básicos, pesquisa bibliográfica, projeto e relatório, publicações e trabalhos científicos.},
  year             = {2012},
  creationdate     = {2023-10-10T15:25:36},
  modificationdate = {2023-10-10T15:25:54},
  owner            = {Joel Bragança Junior-PROFMAT}
}

@article{SEVERINO2007,
  author           = {SEVERINO, Antônio Joaquim.},
  journal          = {23. ed. rev. eatual. São Paulo: Cortez,},
  title            = {Metodologia do trabalho científico.},
  year             = {2007},
  creationdate     = {2023-10-10T15:29:25},
  modificationdate = {2023-10-10T15:29:46},
  owner            = {Joel Bragança Junior-PROFMAT}
}

@article{TRIVINOS1987,
  author           = {TRIVIÑOS, A. N. S.},
  journal          = {São Paulo: Atlas,},
  title            = {Introdução à pesquisa em ciências sociais: a pesquisa qualitativa emeducação.},
  year             = {1987},
  creationdate     = {2023-10-10T15:30:07},
  modificationdate = {2023-10-10T15:30:25},
  owner            = {Joel Bragança Junior-PROFMAT}
}

@article{LUeDKE1986,
  author           = {LÜDKE, Menga; ANDRÉ, Marli E. D. A.},
  journal          = {São Paulo: EPU, 1},
  title            = {Pesquisa em educação: abordagensqualitativas.},
  year             = {1986},
  creationdate     = {2023-10-10T15:33:31},
  modificationdate = {2023-10-10T15:33:50},
  owner            = {Joel Bragança Junior-PROFMAT}
}

@article{Pedro.2003,
  author           = {DEMO, Pedro.},
  journal          = {10. ed. São Paulo: Cortez},
  title            = {Pesquisa: princípio científico e educativo.},
  year             = {2003},
  creationdate     = {2023-10-10T15:34:19},
  modificationdate = {2023-10-10T15:34:38},
  owner            = {Joel Bragança Junior-PROFMAT}
}

@article{MORAES1999,
  author           = {MORAES, R.},
  journal          = {Revista Educação, Porto Alegre, RS, v. 22, n. 37, p. 7-32,},
  title            = {Análise de conteúdo.},
  year             = {1999},
  creationdate     = {2023-10-10T15:35:05},
  modificationdate = {2023-10-10T15:35:25},
  owner            = {Joel Bragança Junior-PROFMAT}
}

@article{BARDIN2004,
  author           = {BARDIN, L.},
  journal          = {Lisboa},
  title            = {Análise de Conteúdo},
  year             = {2004},
  creationdate     = {2023-10-10T15:35:43},
  modificationdate = {2023-10-10T15:36:02},
  owner            = {Joel Bragança Junior-PROFMAT}
}

@article{A.C.2008,
  author  = {GIL, A. C.},
  journal = {5 ed. São Paulo: Atlas, 206 p.},
  title   = {Métodos e técnicas de pesquisa social},
  year    = {2008}
}

@article{NASSER1997,
  author  = {NASSER, L.; SANTANNA, N. P.},
  journal = {Rio deJaneiro,RJ: UFRJ,},
  title   = {Geometria segundo a teoria de Van Hiele.},
  year    = {1997}
}

@article{DANTE2017,
  author  = {DANTE, Luiz Roberto.},
  journal = {Ensino Médio. 3ª série. 3 ed. São Paulo:Ática},
  title   = {Matemática: contexto e aplicações},
  year    = {2017}
}

@article{ANDRADE2017,
  author  = {ANDRADE, Fabiana Chagas.},
  journal = {Revista Eletrônica Sala de Aula em Foco. ISSN 2316-7297. Volume 6,Número 1, 75-84},
  title   = {O uso de material manipulativo no ensino da relação de Euler para oensino médio inovador},
  year    = {2017}
}

@article{GIOSTRI2014,
  author  = {GIOSTRI, Angélica Bergamini; SILVA, Sandra Aparecida Fraga da.},
  journal = {Revista Eletrônica Sala de Aula em Foco, ISSN 2316-7297 -Volume 03, Número 01, 50 – 59},
  title   = {Visualizações e construções desólidos geométricos no ensino médio},
  year    = {2014}
}

@article{SIMON2013,
  author  = {SIMON, Andrei Feltrin.},
  journal = {Monografia (Especialização emMatemática) - Universidade do Extremo Sul Catarinense - UNESC, Santa Catarina.},
  title   = {O Uso das tecnologias no Ensino da matemática em uma Escola de EnsinoFundamental da Rede Municipal de Cocal do Sul-SC.2013.},
  year    = {2013}
}

@article{FRANCISCODASCHAGASMELO2021,
  author           = {FRANCISCO DAS CHAGAS MELO NETO},
  journal          = {DISSERTAÇÃO, UNIVERSIDADE ESTADUAL DO MARANHÃO},
  title            = {A CULTURA MAKER NO ENSINO DE MATEMÁTICA: uma via para aprendizagem da trigonometria a partir da resolução de problemas},
  year             = {2021},
  creationdate     = {2023-10-12T10:29:58},
  modificationdate = {2023-10-12T10:30:20},
  owner            = {Joel Bragança Junior-PROFMAT}
}

@article{ALBUQUERQUE2006,
  author  = {ALBUQUERQUE, R. R.},
  journal = {In:IV Semana da Matemática - UNIFEMM. [S.l.: s.n.],},
  title   = {A arte do origami: dobrando e desdobrando talentos.},
  year    = {2006}
}

@article{TRIDAPALLI2017,
  author  = {TRIDAPALLI, M. P},
  journal = {Dissertação (Mestrado em Mestrado Profissional emMatemática em Rede Nacional) - Instituto de Ciências Matemáticas e de Computação,Universidade de São Paulo, São Carlos},
  title   = {Sugestões de práticas de ensino de geometria utilizandoorigami modular.},
  year    = {2017}
}

@article{BAGIO2009,
  author  = {BAGIO, Viviane Aparecida et al.},
  journal = {ActaScientiarum. Human and Social Sciences, v. 41, n. 2, p. e46570-e46570},
  title   = {Ser bom professor: quem, quando, como e para quem},
  year    = {2009}
}

@article{QUINTINO2020a,
  author  = {QUINTINO, B.; JÚNIOR, V. D.},
  journal = {Revista de Ensino de Ciências e Matemática, v. 11,n. 4, p. 254-274, 22 jul},
  title   = {O origami enquanto manifestação artística e possíveisrelações com o ensino de Matemática.},
  year    = {2020}
}

@article{FLEISCHMANN2019a,
  author  = {FLEISCHMANN, Scheila Odisi.},
  journal = {Dissertação (Mestrado Profissional em Matemática em Rede Nacional) - Universidade Tecnológica Federal do Paraná, Curitiba},
  title   = {O origami e suas dobras no ensino e aprendizagem de conteúdos matemáticos.},
  year    = {2019}
}

@article{RogeriaGaudencio2018a,
  author  = {RÊGO, Rogéria Gaudencio; RÊGO, Rômulo Marinho; JÚNIOR, Severino Gaudencio.},
  journal = {2. ed. João Pessoa: Editora doCCTA,},
  title   = {AGeometria do Origami: Atividades de Ensino com Dobraduras.},
  year    = {2018}
}

@article{PRESSE2022,
  author  = {PRESSE, PRISCILA MARCAL.},
  journal = {123 f. Mestrado Profissional em Educação Instituição de Ensino: UNIVERSIDADE FEDERAL DE SÃO CARLOS, São Carlos},
  title   = {Aprendizagens de professores da educação infantil de conceitos geométricos tendo o origami como material com vistas ao desenvolvimento de práticas de ensino},
  year    = {2022}
}

@article{COSTA2022,
  author           = {MARIANA AMORIM COSTA},
  journal          = {DISSERTAÇÃO, EDUCAÇÃO EM CIÊNCIAS E MATEMÁTICA (30004012002P7)},
  title            = {APRENDIZAGEM SIGNIFICATIVA: UMA CONTRIBUIÇÃO DO DIÁLOGO POR MEIO DE UMA ATIVIDADE INVESTIGATIVA EM MATEMÁTICA},
  year             = {2022},
  creationdate     = {2023-10-12T11:00:42},
  modificationdate = {2023-10-12T11:01:06},
  owner            = {Joel Bragança Junior-PROFMAT}
}

@article{LIBANEO2007,
  author           = {LIBÂNEO, José Carlos.},
  journal          = {5.ed. São Paulo : Cortez},
  title            = {Educação escolar: políticas, estrutura e organização.},
  year             = {2007},
  creationdate     = {2023-10-12T11:14:08},
  modificationdate = {2023-10-12T11:14:25},
  owner            = {Joel Bragança Junior-PROFMAT}
}

@article{FREIRE1996,
  author           = {FREIRE, Paulo.},
  journal          = {São Paulo: Paze Terra},
  title            = {Pedagogia da autonomia: saberesnecessários à prática educativa.},
  year             = {1996},
  creationdate     = {2023-10-10T15:23:16},
  modificationdate = {2023-10-10T15:23:36},
  owner            = {Joel Bragança Junior-PROFMAT}
}

@article{OLIVEIRA2010,
  author           = {OLIVEIRA, Djalma de Pinho Rebouças de.},
  journal          = {28. ed. São Paulo: Atlas,},
  title            = {Planejamento estratégico: conceitos,metodologias e prática.},
  year             = {2010},
  creationdate     = {2023-10-10T15:23:52},
  modificationdate = {2023-10-10T15:24:10},
  owner            = {Joel Bragança Junior-PROFMAT}
}

@article{ZUNTI2018,
  author  = {ZUNTI, M. L. G.},
  journal = {Revista Pró-Discente: EdiçãoEspecial 40 anos do PPGE, Vitória, ano 2018, v. 01, n. 01, ed. 01, p. 18-30, 19 dez.2018.},
  title   = {A Educação de Jovens e Adultos no Espírito Santo - PolíticasPúblicas: Panorama Retrospecto 1930-1998.},
  year    = {2018}
}

@article{Educacao.2000,
  author  = {BRASIL. Ministério da Educação.},
  journal = {Brasília: MEC, 2000},
  title   = {Parecer CNE/CEB 11/2000, de 10 de maio de2000. Diretrizes curriculares nacionais para educação de jovens e adultos.},
  year    = {2000}
}

@article{BRASIL.1996,
  author  = {BRASIL.},
  journal = {Brasília},
  title   = {Lei de Diretrizes e Bases da Educação Nacional, LDB. 9394/1996},
  year    = {1996}
}

@article{BRASIL2021,
  author  = {BRASIL},
  journal = {Brasília, DF},
  title   = {Documento referencial para a implementação da diretrizes operacionais da EJA nos estados, municípios e Distrito Federal},
  year    = {2021}
}

@article{michael2006s,
  title     = {Where's the evidence that active learning works?},
  author    = {Michael, Joel},
  journal   = {Advances in physiology education},
  publisher = {American Physiological Society},
  year      = {2006}
}
@book{bonwell1991active,
  title     = {Active learning: Creating excitement in the classroom. 1991 ASHE-ERIC higher education reports.},
  author    = {Bonwell, Charles C and Eison, James A},
  year      = {1991},
  publisher = {ERIC}
}
@article{thomas2000,
  title     = {A Review of Research on Project-Based Learning},
  author    = {Thomas, J. W. },
  journal   = {Autodesk Foundation},
  year      = {2000},
  publisher = {Autodesk Foundation}
}
@article{bergmann2012flip,
  title  = {Flip your classroom: Reach every student in every class every day},
  author = {Bergmann, J},
  year   = {2012}
}
@book{horn2014blended,
  title     = {Blended: Using disruptive innovation to improve schools},
  author    = {Horn, Michael B and Staker, Heather},
  year      = {2014},
  publisher = {John Wiley \& Sons}
}
@inproceedings{Deterding2011,
  title     = {Gamification: Using Game Design Elements in Non-Gaming Contexts},
  author    = {Deterding, S. and Dixon, D. and Khaled, R. and Nacke, L.},
  booktitle = {CHI 2011 Conference Proceedings},
  year      = {2011}
}
@book{Smith2020,
  author    = {Smith, J.},
  title     = {Problem-Based Learning: An Introduction},
  publisher = {Educational Publishing},
  year      = {2020}
}
@book{Christensen2013,
  author    = {Christensen, C. M. and Horn, M. B. and Staker, H.},
  title     = {Blended: Using Disruptive Innovation to Improve Schools},
  publisher = {Jossey-Bass},
  year      = {2013}
}
@article{Quintilhano2021,
  title   = {Aplicação da metodologia ativa rotação por estações na Engenharia: uma prática de ensino híbrido},
  journal = {Revista Transmutare},
  volume  = {6},
  pages   = {1-22},
  year    = {2021},
  author  = {Quintilhano, S. R. and Tondato, R. and Barreto, M. R.},
  url     = {https://periodicos.utfpr.edu.br/rtr/article/view/11899/0}
}
@article{Vieira2024,
  title       = {Rotação por estações como estratégia de ensino em ecologia no cerrado: um estudo em um colégio em Caldas Novas},
  author      = {Vieira, F. P. D.},
  year        = {2024},
  institution = {Instituto Federal Goiano - Campus Urutaí},
  url         = {https://repositorio.ufu.br/bitstream/123456789/31470/1/RotacaoEstacoesAprendizagem.pdf}
}
@article{Silva2023,
  title   = {Adaptação de atividades para alunos com necessidades especiais},
  journal = {Revista de Educação Inclusiva},
  volume  = {5},
  number  = {2},
  pages   = {45-60},
  year    = {2023},
  author  = {Silva, J.}
}
@article{Maia2021,
  title     = {Inovação no ensino: uma revisão sistemática das metodologias ativas de ensino-aprendizagem},
  journal   = {Avaliação},
  volume    = {26},
  number    = {3},
  pages     = {123-145},
  year      = {2021},
  author    = {Maia, L.},
  publisher = {Campinas}
}
@article{Lima2022,
  title   = {Desenvolvimento da Autonomia em Estações de Aprendizagem},
  journal = {Revista Educação e Pesquisa},
  volume  = {15},
  number  = {1},
  pages   = {50-65},
  year    = {2022},
  author  = {Lima, A.}
}
@article{Rodrigues2020,
  title   = {Metodologias Ativas e Aprendizagem Colaborativa},
  journal = {Revista Brasileira de Educação},
  volume  = {25},
  number  = {2},
  pages   = {98-115},
  year    = {2020},
  author  = {Rodrigues, C.}
}
@article{Sanz2022,
  title   = {Metodologias Ativas na Educação Científica: Aplicação em Atividades de Divulgação para Crianças e Jovens},
  journal = {Revista Brasileira de Ensino de Ciência e Tecnologia},
  volume  = {15},
  number  = {44-57},
  year    = {2022},
  author  = {Sanz, L. and Sinnecker, E. H. C. P. and Paiva, T.}
}
@article{Borochovicius2021,
  title   = {Aprendizagem Baseada em Problemas: um método de ensino-aprendizagem e suas práticas educativas},
  journal = {SciELO},
  year    = {2021},
  author  = {Borochovicius, E. and Tortella, J. C.},
  url     = {https://www.scielo.br/j/ensaio/a/QQXPb5SbP54VJtpmvThLBTc/?format=pdf}
}
@article{SilvaAPB2020,
  title   = {Aprendizagem Baseada em Problemas (ABP) no Ensino Fundamental: Uma Revisão Sistemática de Literatura},
  journal = {Revista de Educação e Ensino},
  volume  = {21},
  number  = {3},
  pages   = {244-249},
  year    = {2020},
  author  = {Silva, K. A. de and Esteves, A. K. and Dutra, C. M. V. de O.},
  url     = {https://revistaensinoeeducacao.pgsscogna.com.br/ensino/article/download/8189/5624}
}
@misc{Bratti2023,
  author       = {Bratti, B.},
  title        = {ABP: o que é e quais são seus benefícios},
  year         = {2023},
  howpublished = {Desafios da Educação},
  url          = {https://desafiosdaeducacao.com.br/aprendizagem-por-problema/}
}
@article{Barrows1986,
  title   = {A taxonomy of problem-based learning methods},
  journal = {Medical Education},
  volume  = {20},
  number  = {6},
  pages   = {481-486},
  year    = {1986},
  author  = {Barrows, H. S.},
  doi     = {10.1111/j.1365-2923.1986.tb01386.x}
}
@article{Schmidt1993,
  title   = {Foundations of problem-based learning: Some explanatory notes},
  journal = {Medical Education},
  volume  = {27},
  number  = {5},
  pages   = {422-432},
  year    = {1993},
  author  = {Schmidt, H. G.},
  doi     = {10.1111/j.1365-2923.1993.tb00296.x}
}
@book{Lopes2019,
  title     = {Aprendizagem baseada em problemas: fundamentos para a aplicação no ensino médio e na formação de professores},
  author    = {Lopes, R. M. and Silva, M. V. and Alves, N. G.},
  year      = {2019},
  publisher = {Portal eduCapes},
  url       = {https://educapes.capes.gov.br/handle/capes/432641}
}
@article{CostaESilva2018,
  title   = {Abordagens estruturadas para a resolução de problemas},
  journal = {SciELO Brasil},
  year    = {2018},
  author  = {Costa e Silva, M.}
}
@article{RodriguesJ2020,
  title   = {Impacto das metodologias na solução de problemas},
  journal = {Portal de Periódicos da CAPES},
  year    = {2020},
  author  = {Rodrigues, J.}
}

@book{lima2020praticas,
  title     = {Pr{\'a}ticas pedag{\'o}gicas de professores no ensino de matem{\'a}tica nos anos iniciais do ensino fundamental e a resolu{\c{c}}{\~a}o de problemas},
  author    = {Lima, Simone Marques},
  year      = {2020},
  publisher = {Editora UNESP}
}
@article{Almeida2018,
  title   = {Flexibilidade Cognitiva e Criatividade},
  journal = {Journal of Problem Solving},
  volume  = {10},
  number  = {1},
  pages   = {30-45},
  year    = {2018},
  author  = {Almeida, M. R.}
}
@book{Polya1945,
  title     = {How to Solve It: A New Aspect of Mathematical Method},
  author    = {PÓLYA, G.},
  year      = {1945},
  publisher = {Princeton University Press}
}
@article{Silva2021,
  title   = {Métodos de revisão na resolução de problemas},
  journal = {Revista de Educação Matemática},
  volume  = {18},
  number  = {3},
  pages   = {75-89},
  year    = {2021},
  author  = {Silva, J. A.},
  url     = {https://www.revistaeducacaomatematica.com.br/vol18/metodos.pdf}
}
@article{Almeida2019,
  title   = {Reflexão e Padrões na Resolução de Problemas},
  journal = {Journal of Mathematical Thinking},
  volume  = {12},
  number  = {2},
  pages   = {42-50},
  year    = {2019},
  author  = {Almeida, M. R.},
  url     = {https://www.jmaththinking.com.br/vol12/reflexao.pdf}
}
@article{Barrows1996,
  title   = {Problem-based learning in medicine and beyond: A brief overview},
  journal = {New Directions for Teaching and Learning},
  volume  = {1996},
  number  = {68},
  pages   = {3-12},
  year    = {1996},
  author  = {Barrows, H. S.},
  url     = {https://onlinelibrary.wiley.com/doi/abs/10.1002/tl.37219966804}
}
@article{Oliveira2014,
  title   = {A importância da Aprendizagem Baseada em Problemas no desenvolvimento de competências},
  journal = {Revista de Educação},
  volume  = {29},
  number  = {2},
  pages   = {51-65},
  year    = {2014},
  author  = {Oliveira, P. C.},
  url     = {https://www.revistadeeducacao.com.br/vol29/abp.pdf}
}
@article{SilvaAPB2018,
  title   = {Aprendizagem Baseada em Problemas e a Formação do Pensamento Crítico},
  journal = {Revista Brasileira de Educação},
  volume  = {23},
  number  = {2},
  pages   = {100-115},
  year    = {2018},
  author  = {Silva, J. A.},
  url     = {https://www.revistabrazilianeducation.com.br/vol23/abp-formacao.pdf}
}
@article{Fernandes2020,
  title   = {A Dinâmica da Aprendizagem Baseada em Problemas no Ensino Superior},
  journal = {Revista de Ensino e Pesquisa},
  volume  = {29},
  number  = {3},
  pages   = {200-215},
  year    = {2020},
  author  = {Fernandes, L. M.},
  url     = {https://www.revistaensinoepesquisa.com.br/vol29/abp-ensino-superior.pdf}
}

@article{Souza2019,
  title   = {A função do professor como facilitador no processo de aprendizagem},
  journal = {Revista de Pedagogia},
  volume  = {21},
  number  = {1},
  pages   = {30-45},
  year    = {2019},
  author  = {Souza, R. A.},
  url     = {https://www.revistadepedagogia.com.br/vol21/professor-facilitador.pdf}
}
@article{SilvaJ2020,
  title   = {Desenvolvimento de habilidades de pensamento crítico através da ABP},
  journal = {Revista de Educação},
  volume  = {35},
  number  = {2},
  pages   = {50-70},
  year    = {2020},
  author  = {Silva, J. A.},
  url     = {https://www.revistaeducacao.com.br/vol35/pensamento-critico.pdf}
}
@book{Barrows1980,
  title     = {Problem-Based Learning: An Approach to Medical Education},
  author    = {Barrows, Howard S. and Tamblyn, Robyn M.},
  publisher = {Springer Publishing Company},
  year      = {1980},
  url       = {https://link.springer.com/book/10.1007/978-1-4613-3618-6}
}
@article{Silva2019,
  title   = {Aprendizagem colaborativa na ABP},
  journal = {Revista de Educação},
  volume  = {31},
  number  = {3},
  pages   = {85-100},
  year    = {2019},
  author  = {Silva, J. A.},
  url     = {https://www.revistaeducacao.com.br/vol31/aprendizagem-colaborativa.pdf}
}
@article{Souza2020,
  title   = {Dinâmica de grupo na Aprendizagem Baseada em Problemas},
  journal = {Revista Brasileira de Educação},
  volume  = {27},
  number  = {1},
  pages   = {50-70},
  year    = {2020},
  author  = {Souza, R. F.},
  url     = {https://www.revistabrazilianeducation.com.br/vol27/dinamica-grupo-abp.pdf}
}
@mastersthesis{Santos2024,
  title   = {Desafios e Descobertas: Rotação por Estações e Gamificação no Ensino e Aprendizagem de Frações para Alunos do 6º Ano do Ensino Fundamental},
  author  = {Santos, R. C.},
  school  = {Universidade Estadual do Norte Fluminense Darcy Ribeiro},
  address = {Campos dos Goytacazes},
  year    = {2024},
  degree  = {Mestrado em Matemática},
  program = {Programa de Mestrado Profissional em Matemática em Rede Nacional}
}
@article{LeonAPB2015,
  title   = {Aprendizagem Baseada em Problemas na Graduação Médica – Uma Revisão da Literatura Atual},
  journal = {Revista Brasileira de Educação Médica},
  volume  = {39},
  number  = {4},
  pages   = {501-512},
  year    = {2015},
  author  = {Leon, L. B. and Onófrio, F. Q.},
  doi     = {10.1590/1981-52712015v39n4e01282014},
  url     = {https://doi.org/10.1590/1981-52712015v39n4e01282014}
}
@misc{Leon2015supp,
  title        = {Revisão dos artigos e redação do manuscrito: Material suplementar ao artigo publicado na Revista Brasileira de Educação Médica},
  author       = {Leon, L. B. and Onófrio, F. Q.},
  year         = {2015},
  howpublished = {Universidade Federal do Rio de Janeiro},
  note         = {Disponível em: https://www.revistabrazilianeducation.com.br/vol39/revisao.pdf},
  url          = {https://www.revistabrazilianeducation.com.br/vol39/revisao.pdf}
}
@article{Pontes2019,
  title   = {Método de Pólya para Resolução de Problemas Matemáticos: Uma Proposta Metodológica para o Ensino e Aprendizagem de Matemática na Educação Básica},
  journal = {HOLOS},
  volume  = {35},
  number  = {3},
  year    = {2019},
  author  = {Pontes, E. A. S.},
  doi     = {10.15628/holos.2019.6703},
  url     = {https://doi.org/10.15628/holos.2019.6703}
}
@article{Bacich2015,
  title     = {Ensino Híbrido: Personalização e Tecnologia na Educação},
  author    = {Bacich, Lilian},
  journal   = {Tecnologias, Sociedade e Conhecimento},
  volume    = {3},
  number    = {1},
  year      = {2015},
  month     = {dez},
  publisher = {Núcleo de Informática Aplicada à Educação (NIED), Universidade Estadual de Campinas}
}
@book{BacichBOOK2015,
  title     = {Ensino Híbrido: Personalização e Tecnologia na Educação},
  author    = {Bacich, Lilian and Tanzi Neto, A. and Trevisani, F. de M.},
  year      = {2015},
  publisher = {Penso},
  address   = {Porto Alegre},
  edition   = {1},
  pages     = {270}
}
@article{Paiva2016,
  title   = {Metodologias ativas de ensino-aprendizagem: revisão integrativa},
  journal = {SANARE - Revista de Políticas Públicas},
  volume  = {15},
  number  = {2},
  year    = {2016},
  author  = {Paiva, Marílla Rúbya Ferreira and Parente, José Reginaldo Feijão and Brandão, Israel Rocha and Bomfim, Ana Helena}
}
@inproceedings{Maia1999,
  title        = {Um estudo sobre o ensino da porcentagem},
  author       = {Maia, Lícia de Souza Leão},
  booktitle    = {Anais da 22ª Reunião Anual da ANPED},
  year         = {1999},
  organization = {ANPED},
  url          = {https://www.google.com/url?sa=t&amp;rct=j&amp;q=&amp;esrc=s&amp;source=web&amp;cd=ved=2ahUKEwiA3YC1jP3vAhWBqlkKHUTcBWYQFjAAegQIBBAB&amp;url=https%3A%2F%2Fwww.anped.org.br%2Freuniao%2Fanais%2F22a&amp;usg=AOvVaw1ZgH_oogBlTn8FjjtGmFZJ}
}
@book{Silva2018financeira,
  title     = {Educação Financeira: Teoria e Prática no Contexto Escolar},
  author    = {Silva, J. M.},
  year      = {2018},
  publisher = {Editora Educação},
  address   = {São Paulo},
  url       = {https://www.editorabrasil.com/educacao-financeira}
}
@book{Fonseca2019,
  title     = {Educação Financeira e Inclusão no Ensino Fundamental},
  author    = {Fonseca, M. A.},
  year      = {2019},
  edition   = {2},
  publisher = {Editora Educação Brasil},
  address   = {São Paulo},
  isbn      = {978-85-xxxx-xxxx},
  url       = {https://www.editorabrasil.com/educacao-financeira-inclusao}
}
@misc{bancocentral_educacao_financeira,
  title        = {Programa de Educação Financeira},
  author       = {Brasil. Banco Central do Brasil},
  year         = {2021},
  howpublished = {\url{https://www.bcb.gov.br/pre/pef/port/pefpublicoexterno.asp?frame=1}},
  note         = {Acesso em 31 out. 2024}
}
@misc{sebrae_educacao_financeira,
  title        = {A importância da educação financeira nas escolas},
  author       = {SEBRAE},
  year         = {2024},
  howpublished = {\url{https://www.sebraepr.com.br/comunidade/artigo/a-importancia-da-educacao-financeira-nas-escolas}}
}
@article{siqueira2020matematica,
  title   = {A Matemática Financeira no Ensino Médio: Abordagens Práticas e Teóricas},
  author  = {Siqueira, J. F. and Lopes, M. R.},
  journal = {Revista de Educação e Matemática},
  year    = {2020},
  url     = {https://scholar.google.com/scholar?q=A+Matemática+Financeira+no+Ensino+Médio:+Abordagens+Práticas+e+Teóricas}
}
@online{spradley1980,
  author    = {Spradley, J. P.},
  title     = {Participant Observation: A Guide for Field Workers},
  year      = {1980},
  publisher = {Academic Press},
  address   = {Orlando},
  url       = {https://www.academia.edu/124057691/A_observa%C3%A7%C3%A3o_participa
               nte_enquanto_t%C3%A9cnica_de_investiga%C3%A7%C3%A3o}
}
@misc{bancocentral2013_educacao_financeira,
  title     = {Caderno de Educação Financeira – Gestão de Finanças Pessoais},
  author    = {{Banco Central do Brasil}},
  year      = {2013},
  publisher = {{Banco Central do Brasil}},
  address   = {Brasília},
  url       = {https://www.bcb.gov.br/content/cidadaniafinanceira/documentos_cidadania/Cuidando_do_seu_dinheiro_Gestao_de_Financas_Pessoais/caderno_cidadania_financeira.pdf},
  urldate   = {2024-11-16}
}
@article{souza2022desafios,
  title     = {Desafios da educação financeira como ferramenta de combate ao endividamento no Brasil},
  author    = {Souza, Eliane Alves de and Mont'mor, Bruna Nunes and D'Oliveira, Karen Santos and Santos, Luciene Suzarte and Trindade, Maria José Silva Almeida},
  journal   = {Revista Ibero-Americana de Humanidades, Ciências e Educação},
  volume    = {3},
  pages     = {158-166},
  year      = {2022},
  publisher = {},
  address   = {São Paulo}
}
@inproceedings{vieira2020percepcao,
  title        = {A percepção de alunos de graduação e pós-graduação sobre a educação financeira e seus impactos na tomada de decisão financeira pessoal},
  author       = {Vieira, Eduardo Tadeu and Sousa, José Antonio},
  booktitle    = {Anais do Congresso USP de Controladoria e Contabilidade},
  year         = {2020},
  address      = {São Paulo},
  organization = {Universidade de São Paulo},
  url          = {https://congressousp.fipecafi.org}
}
Código BibTeX para o Overleaf
Excelente! Vamos criar o código BibTeX para inserir essa referência em seu documento Overleaf.

Snippet de código
@article{ribeiro2011abordagem,
  title     = {Abordagem aos números decimais e suas operações: a importância de uma navegação eficaz entre representações},
  author    = {Ribeiro, Carlos Miguel},
  journal   = {Educação e Pesquisa},
  volume    = {2},
  pages     = {37-50},
  year      = {2011},
  publisher = {Universidade de São Paulo},
  address   = {São Paulo}
}
@article{souza2020aplicacao,
  title   = {A aplicação de conceitos matemáticos no cotidiano: dificuldades no ensino de percentagem},
  author  = {Souza, Maria Clara and Nogueira, João Paulo},
  journal = {Revista Brasileira de Educação Matemática},
  volume  = {3},
  pages   = {20-30},
  year    = {2020}
}
@mastersthesis{lopes2011leitura,
  title   = {Leitura e interpretação na aprendizagem matemática},
  author  = {Lopes, AnaMaria},
  school  = {Universidade Tecnológica Federal do Paraná},
  year    = {2011},
  address = {Curitiba}
}
@book{sefton2020metodologias,
  title     = {Metodologias Ativas: Desenvolvendo Aulas Ativas para uma Aprendizagem Significativa},
  author    = {Sefton, Ana Paula and Galini, Marcos Evandro},
  year      = {2020},
  publisher = {Appris},
  address   = {Curitiba}
}
@article{campos2021ensino,
  title     = {O ensino de porcentagem no contexto escolar: estratégias e desafios},
  author    = {Campos, Letícia and Silva, André Luiz},
  journal   = {Revista Educação Matemática em Foco},
  volume    = {2},
  pages     = {10--20},
  year      = {2021},
  publisher = {São Paulo}
}
@book{prado2019tecnologias,
  title     = {Tecnologias no ensino de matemática: Práticas e reflexões},
  author    = {Prado, Ana Paula and Silva, João Ricardo},
  year      = {2019},
  publisher = {Editora Matemática Ativa},
  address   = {São Paulo}
}
@book{moran2015metodologias,
  title     = {Metodologias ativas para uma educação inovadora: Contextos e práticas},
  author    = {Moran, José Manuel},
  year      = {2015},
  publisher = {Cortez},
  address   = {São Paulo}
}
@article{sobreira2021uso,
  title   = {O uso didático da calculadora},
  author  = {Sobreira, André Alves and Araújo, José Vieira and Barbosa, Antônia Marli Lima and Ferreira, Erineuda Maria da Silva and Machado, Juliana Moreira de Castilho and Silva, Shirley Cristina Moreira and Castilho, Camilla Moreira de},
  journal = {Revista Científica Multidisciplinar Núcleo do Conhecimento},
  volume  = {3},
  number  = {2},
  year    = {2021},
  pages   = {19--38}
}
@book{ribeiro2019ensinar,
  title     = {Ensinar Matemática: Abordagens Práticas para uma Aprendizagem Significativa},
  author    = {Ribeiro, Cláudia},
  year      = {2019},
  publisher = {Editora Didática},
  address   = {Porto Alegre}
}
@book{carvalho2018educacao,
  title     = {Educação Matemática Contextualizada: Abordagens Inovadoras para o Ensino Fundamental},
  author    = {Carvalho, Ana Luiza},
  year      = {2018},
  publisher = {Editora Contexto},
  address   = {São Paulo}
}
@book{santos2020matematica,
  title     = {Matemática na prática: estratégias para o ensino ativo},
  author    = {Santos, João Ricardo},
  year      = {2020},
  publisher = {Appris},
  address   = {Curitiba}
}
@book{luckesi2003avaliacao,
  title     = {Avaliação da aprendizagem escolar: estudos e proposições},
  author    = {Luckesi, Cipriano Carlos},
  edition   = {18},
  year      = {2003},
  publisher = {Cortez},
  address   = {São Paulo}
}
@book{boyer1994historia,
  title     = {História da Matemática},
  author    = {Boyer, Carl B.},
  edition   = {2},
  year      = {1994},
  publisher = {Editora Edgard Blücher},
  address   = {São Paulo}
}
@book{alvarez2008historia,
  title     = {História da Matemática e sua aplicação no ensino moderno},
  author    = {Álvarez, César Augusto},
  year      = {2008},
  publisher = {Editora Acadêmica},
  address   = {São Paulo}
}
@book{souza2015matematica,
  title     = {Matemática Financeira: Teoria e Prática},
  author    = {Souza, MF},
  edition   = {3},
  year      = {2015},
  publisher = {Editora Financeira},
  address   = {Rio de Janeiro}
}
@misc{pcnbrasil1997,
  title        = {Parâmetros Curriculares Nacionais: Matemática},
  author       = {{BRASIL}},
  year         = {1997},
  howpublished = {Brasília: MEC/SEF}
}
@book{souza2015historia,
  title     = {História da Educação Financeira: Teoria e Aplicações},
  author    = {Souza, M. F.},
  edition   = {2},
  year      = {2015},
  publisher = {Editora Acadêmica},
  address   = {São Paulo}
}
@book{hoffmann2005,
  title     = {Avaliar para promover: as setas do caminho},
  author    = {Hoffmann, Jussara},
  year      = {2005},
  publisher = {Mediação},
  address   = {Porto Alegre}
}
@book{Sarmento2021,
  title     = {Educação financeira no ensino básico: práticas pedagógicas e impacto social},
  author    = {Sarmento, Maria José},
  year      = {2021},
  publisher = {Educare},
  address   = {São Paulo}
}
@book{Parras2019,
  title     = {Educação Financeira e práticas pedagógicas: perspectivas e desafios no contexto escolar},
  author    = {Parras, Fernando Henrique},
  year      = {2019},
  publisher = {Acadêmica},
  address   = {Rio de Janeiro}
}
@book{vigotsky1998,
  title     = {A formação social da mente: o desenvolvimento dos processos psicológicos superiores},
  author    = {Vigotsky, Lev Semionovitch},
  edition   = {6},
  year      = {1998},
  publisher = {Martins Fontes},
  address   = {São Paulo}
}


@Comment{jabref-meta: databaseType:bibtex;}
